<?xml version="1.0" encoding="UTF-8"?>
<!DOCTYPE html PUBLIC "-//W3C//DTD XHTML 1.0 Transitional//EN"
    "http://www.w3.org/TR/xhtml1/DTD/xhtml1-transitional.dtd">
<html xmlns="http://www.w3.org/1999/xhtml" xml:lang="en" lang="en">
 <head>
  <title>
</title>
<meta http-equiv="Content-Type" content="text/html;charset=utf-8" />
  <meta name='ocr-system' content='tesseract 3.04.00' />
  <meta name='ocr-capabilities' content='ocr_page ocr_carea ocr_par ocr_line ocrx_word'/>
</head>
<body>
  <div class='ocr_page' id='page_1' title='image "./csallusticrispi00gudegoog_0045.png"; bbox 0 0 3050 4522; ppageno 0'>
   <div class='ocr_carea' id='block_1_1' title="bbox 373 349 1218 416">
    <p class='ocr_par' dir='ltr' id='par_1_1' title="bbox 373 349 1218 416">
     <span class='ocr_line' id='line_1_1' title="bbox 373 349 1218 416; baseline 0.002 -12"><span class='ocrx_word' id='word_1_1' title='bbox 373 350 455 404; x_wconf 86' lang='lat' dir='ltr'>THE</span> <span class='ocrx_word' id='word_1_2' title='bbox 482 351 730 404; x_wconf 87' lang='lat' dir='ltr'>CONSPIRACY</span> <span class='ocrx_word' id='word_1_3' title='bbox 755 351 806 404; x_wconf 87' lang='lat' dir='ltr'>OF</span> <span class='ocrx_word' id='word_1_4' title='bbox 832 351 1024 409; x_wconf 82' lang='lat' dir='ltr'><strong>CATILINE</strong></span> <span class='ocrx_word' id='word_1_5' title='bbox 1201 349 1218 416; x_wconf 82' lang='grc'><strong><em>5</em></strong></span> 
     </span>
    </p>
   </div>
   <div class='ocr_carea' id='block_1_2' title="bbox 116 529 1269 4018">
    <p class='ocr_par' dir='ltr' id='par_1_2' title="bbox 116 529 1269 2804">
     <span class='ocr_line' id='line_1_2' title="bbox 171 529 1269 616; baseline -0.002 -20"><span class='ocrx_word' id='word_1_6' title='bbox 171 530 313 609; x_wconf 88' lang='lat' dir='ltr'>civibus,</span> <span class='ocrx_word' id='word_1_7' title='bbox 335 530 501 608; x_wconf 77' lang='lat' dir='ltr'>meribus,</span> <span class='ocrx_word' id='word_1_8' title='bbox 521 537 615 616; x_wconf 84' lang='lat' dir='ltr'>agris</span> <span class='ocrx_word' id='word_1_9' title='bbox 634 539 749 609; x_wconf 90' lang='lat' dir='ltr'>aucta,</span> <span class='ocrx_word' id='word_1_10' title='bbox 771 529 856 596; x_wconf 89' lang='lat' dir='ltr'>satis</span> <span class='ocrx_word' id='word_1_11' title='bbox 876 551 1041 616; x_wconf 91' lang='lat' dir='ltr'>prospera</span> <span class='ocrx_word' id='word_1_12' title='bbox 1062 531 1217 616; x_wconf 86' lang='lat' dir='ltr'>satisque</span> <span class='ocrx_word' id='word_1_13' title='bbox 1237 557 1269 594; x_wconf 83' lang='grc' dir='ltr'>ιο</span> 
     </span>
     <span class='ocr_line' id='line_1_3' title="bbox 172 638 1216 724; baseline 0.004 -22"><span class='ocrx_word' id='word_1_14' title='bbox 172 638 305 723; x_wconf 90' lang='lat' dir='ltr'>pollens</span> <span class='ocrx_word' id='word_1_15' title='bbox 328 639 522 717; x_wconf 59' lang='lat' dir='ltr'>videbatur,</span> <span class='ocrx_word' id='word_1_16' title='bbox 548 645 650 704; x_wconf 85' lang='lat' dir='ltr'>sicuti</span> <span class='ocrx_word' id='word_1_17' title='bbox 674 639 838 724; x_wconf 90' lang='lat' dir='ltr'>pleraque</span> <span class='ocrx_word' id='word_1_18' title='bbox 863 639 1064 706; x_wconf 76' lang='lat' dir='ltr'>mortalium</span> <span class='ocrx_word' id='word_1_19' title='bbox 1088 641 1216 706; x_wconf 91' lang='lat' dir='ltr'>haben·</span> 
     </span>
     <span class='ocr_line' id='line_1_4' title="bbox 116 747 1216 835; baseline 0.004 -23"><span class='ocrx_word' id='word_1_20' title='bbox 116 817 120 826; x_wconf 64' lang='grc'><strong>,</strong></span> <span class='ocrx_word' id='word_1_21' title='bbox 170 757 236 825; x_wconf 88' lang='lat' dir='ltr'>tur,</span> <span class='ocrx_word' id='word_1_22' title='bbox 253 747 382 812; x_wconf 90' lang='lat' dir='ltr'>invidia</span> <span class='ocrx_word' id='word_1_23' title='bbox 399 771 443 814; x_wconf 89' lang='lat' dir='ltr'>ex</span> <span class='ocrx_word' id='word_1_24' title='bbox 459 748 639 832; x_wconf 78' lang='lat' dir='ltr'>opulentia</span> <span class='ocrx_word' id='word_1_25' title='bbox 655 759 732 814; x_wconf 87' lang='lat' dir='ltr'>orta</span> <span class='ocrx_word' id='word_1_26' title='bbox 749 759 812 814; x_wconf 75' lang='lat' dir='ltr'>est,</span> <span class='ocrx_word' id='word_1_27' title='bbox 855 749 970 834; x_wconf 87' lang='lat' dir='ltr'>Igitur</span> <span class='ocrx_word' id='word_1_28' title='bbox 987 755 1088 834; x_wconf 85' lang='lat' dir='ltr'>reges</span> <span class='ocrx_word' id='word_1_29' title='bbox 1106 771 1216 835; x_wconf 91' lang='lat' dir='ltr'>popu-</span> 
     </span>
     <span class='ocr_line' id='line_1_5' title="bbox 170 855 1216 942; baseline 0.004 -22"><span class='ocrx_word' id='word_1_30' title='bbox 170 857 262 940; x_wconf 86' lang='lat' dir='ltr'>lique</span> <span class='ocrx_word' id='word_1_31' title='bbox 281 855 432 921; x_wconf 84' lang='lat' dir='ltr'>finitumi</span> <span class='ocrx_word' id='word_1_32' title='bbox 450 857 541 922; x_wconf 82' lang='lat' dir='ltr'>bello</span> <span class='ocrx_word' id='word_1_33' title='bbox 559 863 741 941; x_wconf 76' lang='lat' dir='ltr'>temptere,</span> <span class='ocrx_word' id='word_1_34' title='bbox 761 863 864 942; x_wconf 90' lang='lat' dir='ltr'>pauci</span> <span class='ocrx_word' id='word_1_35' title='bbox 882 880 927 924; x_wconf 88' lang='lat' dir='ltr'>ex</span> <span class='ocrx_word' id='word_1_36' title='bbox 945 865 1066 925; x_wconf 76' lang='lat' dir='ltr'>amicIs</span> <span class='ocrx_word' id='word_1_37' title='bbox 1084 859 1216 925; x_wconf 77' lang='lat' dir='ltr'>auxilie</span> 
     </span>
     <span class='ocr_line' id='line_1_6' title="bbox 168 966 1214 1050; baseline 0.004 -20"><span class='ocrx_word' id='word_1_38' title='bbox 168 987 256 1042; x_wconf 91' lang='lat' dir='ltr'>esse;</span> <span class='ocrx_word' id='word_1_39' title='bbox 272 986 351 1030; x_wconf 89' lang='lat' dir='ltr'>nam</span> <span class='ocrx_word' id='word_1_40' title='bbox 368 972 472 1031; x_wconf 86' lang='lat' dir='ltr'>ceteri</span> <span class='ocrx_word' id='word_1_41' title='bbox 487 971 583 1031; x_wconf 77' lang='lat' dir='ltr'>metri</span> <span class='ocrx_word' id='word_1_42' title='bbox 598 966 747 1050; x_wconf 90' lang='lat' dir='ltr'>perculsi</span> <span class='ocrx_word' id='word_1_43' title='bbox 762 973 782 1032; x_wconf 75' lang='lat' dir='ltr'>e</span> <span class='ocrx_word' id='word_1_44' title='bbox 798 968 959 1050; x_wconf 89' lang='lat' dir='ltr'>periculis</span> <span class='ocrx_word' id='word_1_45' title='bbox 975 967 1125 1034; x_wconf 89' lang='lat' dir='ltr'>aberant.</span> <span class='ocrx_word' id='word_1_46' title='bbox 1164 969 1214 1034; x_wconf 87' lang='lat' dir='ltr'>At</span> 
     </span>
     <span class='ocr_line' id='line_1_7' title="bbox 172 1075 1265 1162; baseline 0.003 -23"><span class='ocrx_word' id='word_1_47' title='bbox 172 1075 323 1140; x_wconf 81' lang='lat' dir='ltr'>Romani</span> <span class='ocrx_word' id='word_1_48' title='bbox 354 1077 448 1142; x_wconf 86' lang='lat' dir='ltr'>domi</span> <span class='ocrx_word' id='word_1_49' title='bbox 478 1075 689 1160; x_wconf 89' lang='lat' dir='ltr'>militiaeque</span> <span class='ocrx_word' id='word_1_50' title='bbox 720 1077 847 1142; x_wconf 88' lang='lat' dir='ltr'>intenti</span> <span class='ocrx_word' id='word_1_51' title='bbox 879 1077 1051 1159; x_wconf 69' lang='lat' dir='ltr'>festinem,</span> <span class='ocrx_word' id='word_1_52' title='bbox 1084 1084 1214 1162; x_wconf 73' lang='lat' dir='ltr'>parere,</span> <span class='ocrx_word' id='word_1_53' title='bbox 1236 1103 1265 1154; x_wconf 82' lang='lat'>15</span> 
     </span>
     <span class='ocr_line' id='line_1_8' title="bbox 169 1184 1214 1266; baseline 0.005 -18"><span class='ocrx_word' id='word_1_54' title='bbox 169 1185 257 1249; x_wconf 90' lang='lat' dir='ltr'>alius</span> <span class='ocrx_word' id='word_1_55' title='bbox 279 1184 385 1250; x_wconf 91' lang='lat' dir='ltr'>alium</span> <span class='ocrx_word' id='word_1_56' title='bbox 408 1186 548 1265; x_wconf 65' lang='lat' dir='ltr'>hortari,</span> <span class='ocrx_word' id='word_1_57' title='bbox 573 1185 732 1251; x_wconf 87' lang='lat' dir='ltr'>hostibus</span> <span class='ocrx_word' id='word_1_58' title='bbox 756 1186 897 1252; x_wconf 91' lang='lat' dir='ltr'>obviam</span> <span class='ocrx_word' id='word_1_59' title='bbox 919 1193 980 1266; x_wconf 87' lang='lat' dir='ltr'>ire,</span> <span class='ocrx_word' id='word_1_60' title='bbox 1006 1187 1214 1266; x_wconf 76' lang='lat' dir='ltr'>libertetem,</span> 
     </span>
     <span class='ocr_line' id='line_1_9' title="bbox 166 1293 1216 1380; baseline 0.004 -22"><span class='ocrx_word' id='word_1_61' title='bbox 166 1293 323 1378; x_wconf 90' lang='lat' dir='ltr'>patriam,</span> <span class='ocrx_word' id='word_1_62' title='bbox 342 1301 563 1379; x_wconf 89' lang='lat' dir='ltr'>parentisque</span> <span class='ocrx_word' id='word_1_63' title='bbox 579 1301 683 1361; x_wconf 92' lang='lat' dir='ltr'>armis</span> <span class='ocrx_word' id='word_1_64' title='bbox 700 1305 829 1380; x_wconf 90' lang='lat' dir='ltr'>tegere.</span> <span class='ocrx_word' id='word_1_65' title='bbox 873 1295 970 1374; x_wconf 89' lang='lat' dir='ltr'><strong>Post,</strong></span> <span class='ocrx_word' id='word_1_66' title='bbox 989 1296 1047 1362; x_wconf 93' lang='lat' dir='ltr'>ubi</span> <span class='ocrx_word' id='word_1_67' title='bbox 1064 1297 1216 1380; x_wconf 90' lang='lat' dir='ltr'>pericula</span> 
     </span>
     <span class='ocr_line' id='line_1_10' title="bbox 165 1402 1214 1488; baseline 0.004 -22"><span class='ocrx_word' id='word_1_68' title='bbox 165 1402 293 1468; x_wconf 74' lang='lat' dir='ltr'>virtiite</span> <span class='ocrx_word' id='word_1_69' title='bbox 312 1403 548 1487; x_wconf 78' lang='lat' dir='ltr'>prepulcram,</span> <span class='ocrx_word' id='word_1_70' title='bbox 569 1403 670 1470; x_wconf 89' lang='lat' dir='ltr'>sociis</span> <span class='ocrx_word' id='word_1_71' title='bbox 689 1414 794 1488; x_wconf 90' lang='lat' dir='ltr'>atque</span> <span class='ocrx_word' id='word_1_72' title='bbox 813 1410 933 1470; x_wconf 83' lang='lat' dir='ltr'>amicis</span> <span class='ocrx_word' id='word_1_73' title='bbox 952 1403 1080 1469; x_wconf 89' lang='lat' dir='ltr'>auxilia</span> <span class='ocrx_word' id='word_1_74' title='bbox 1100 1409 1214 1488; x_wconf 75' lang='lat' dir='ltr'>portit-</span> 
     </span>
     <span class='ocr_line' id='line_1_11' title="bbox 165 1512 1215 1599; baseline 0.004 -22"><span class='ocrx_word' id='word_1_75' title='bbox 165 1513 259 1590; x_wconf 88' lang='lat' dir='ltr'>bant,</span> <span class='ocrx_word' id='word_1_76' title='bbox 291 1513 472 1598; x_wconf 89' lang='lat' dir='ltr'>magisque</span> <span class='ocrx_word' id='word_1_77' title='bbox 504 1513 625 1580; x_wconf 83' lang='lat' dir='ltr'>dandis</span> <span class='ocrx_word' id='word_1_78' title='bbox 658 1534 762 1599; x_wconf 91' lang='lat' dir='ltr'>quam</span> <span class='ocrx_word' id='word_1_79' title='bbox 794 1512 1006 1599; x_wconf 82' lang='lat' dir='ltr'>accipiundis</span> <span class='ocrx_word' id='word_1_80' title='bbox 1039 1514 1215 1582; x_wconf 88' lang='lat' dir='ltr'>beneficiis</span> 
     </span>
     <span class='ocr_line' id='line_1_12' title="bbox 164 1621 1265 1706; baseline 0.006 -21"><span class='ocrx_word' id='word_1_81' title='bbox 164 1621 333 1687; x_wconf 74' lang='lat' dir='ltr'>amicities</span> <span class='ocrx_word' id='word_1_82' title='bbox 353 1623 527 1706; x_wconf 73' lang='lat' dir='ltr'>parebant.</span> <span class='ocrx_word' id='word_1_83' title='bbox 1233 1654 1265 1692; x_wconf 80' lang='lat'>20</span> 
     </span>
     <span class='ocr_line' id='line_1_13' title="bbox 235 1731 1214 1819; baseline 0.002 -23"><span class='ocrx_word' id='word_1_84' title='bbox 235 1731 428 1815; x_wconf 78' lang='lat' dir='ltr'>imperium</span> <span class='ocrx_word' id='word_1_85' title='bbox 441 1733 661 1818; x_wconf 89' lang='lat' dir='ltr'>legitumum,</span> <span class='ocrx_word' id='word_1_86' title='bbox 674 1739 803 1799; x_wconf 86' lang='lat' dir='ltr'>nornen</span> <span class='ocrx_word' id='word_1_87' title='bbox 815 1733 939 1817; x_wconf 87' lang='lat' dir='ltr'>imperi</span> <span class='ocrx_word' id='word_1_88' title='bbox 950 1739 1098 1819; x_wconf 88' lang='lat' dir='ltr'>regnum</span> <span class='ocrx_word' id='word_1_89' title='bbox 1111 1733 1214 1800; x_wconf 89' lang='lat' dir='ltr'>habe-</span> 
     </span>
     <span class='ocr_line' id='line_1_14' title="bbox 164 1840 1213 1928; baseline 0.003 -23"><span class='ocrx_word' id='word_1_90' title='bbox 164 1840 261 1906; x_wconf 92' lang='lat' dir='ltr'>bant.</span> <span class='ocrx_word' id='word_1_91' title='bbox 304 1840 452 1921; x_wconf 88' lang='lat' dir='ltr'>Delecti,</span> <span class='ocrx_word' id='word_1_92' title='bbox 471 1842 596 1926; x_wconf 90' lang='lat' dir='ltr'>quibus</span> <span class='ocrx_word' id='word_1_93' title='bbox 613 1863 740 1928; x_wconf 89' lang='lat' dir='ltr'>corpus</span> <span class='ocrx_word' id='word_1_94' title='bbox 758 1850 857 1909; x_wconf 89' lang='lat' dir='ltr'>annis</span> <span class='ocrx_word' id='word_1_95' title='bbox 873 1843 1062 1922; x_wconf 80' lang='lat' dir='ltr'>infirmum,</span> <span class='ocrx_word' id='word_1_96' title='bbox 1080 1842 1213 1928; x_wconf 88' lang='lat' dir='ltr'>ingeni-</span> 
     </span>
     <span class='ocr_line' id='line_1_15' title="bbox 163 1949 1212 2036; baseline 0.003 -22"><span class='ocrx_word' id='word_1_97' title='bbox 163 1971 224 2014; x_wconf 89' lang='lat' dir='ltr'>um</span> <span class='ocrx_word' id='word_1_98' title='bbox 243 1949 413 2034; x_wconf 82' lang='lat' dir='ltr'>sapientia</span> <span class='ocrx_word' id='word_1_99' title='bbox 433 1951 585 2017; x_wconf 88' lang='lat' dir='ltr'>validum</span> <span class='ocrx_word' id='word_1_100' title='bbox 605 1963 687 2030; x_wconf 92' lang='lat' dir='ltr'>erat,</span> <span class='ocrx_word' id='word_1_101' title='bbox 709 1958 758 2018; x_wconf 89' lang='lat' dir='ltr'>rei</span> <span class='ocrx_word' id='word_1_102' title='bbox 777 1952 935 2036; x_wconf 77' lang='lat' dir='ltr'>pfiblicae</span> <span class='ocrx_word' id='word_1_103' title='bbox 955 1952 1212 2030; x_wconf 77' lang='lat' dir='ltr'>censultabant;</span> 
     </span>
     <span class='ocr_line' id='line_1_16' title="bbox 165 2061 1208 2147; baseline 0.003 -23"><span class='ocrx_word' id='word_1_104' title='bbox 165 2065 197 2125; x_wconf 85' lang='lat' dir='ltr'>ei</span> <span class='ocrx_word' id='word_1_105' title='bbox 214 2061 268 2125; x_wconf 90' lang='lat' dir='ltr'>vel</span> <span class='ocrx_word' id='word_1_106' title='bbox 286 2066 402 2126; x_wconf 72' lang='lat' dir='ltr'>aetete</span> <span class='ocrx_word' id='word_1_107' title='bbox 419 2062 473 2127; x_wconf 92' lang='lat' dir='ltr'>vel</span> <span class='ocrx_word' id='word_1_108' title='bbox 491 2067 595 2128; x_wconf 76' lang='lat' dir='ltr'>curae</span> <span class='ocrx_word' id='word_1_109' title='bbox 614 2061 838 2128; x_wconf 77' lang='lat' dir='ltr'>similitudine</span> <span class='ocrx_word' id='word_1_110' title='bbox 857 2068 974 2147; x_wconf 90' lang='lat' dir='ltr'>patres</span> <span class='ocrx_word' id='word_1_111' title='bbox 992 2061 1208 2145; x_wconf 74' lang='lat' dir='ltr'>adpelleban-</span> 
     </span>
     <span class='ocr_line' id='line_1_17' title="bbox 166 2169 1262 2256; baseline 0.006 -21"><span class='ocrx_word' id='word_1_112' title='bbox 166 2180 234 2235; x_wconf 92' lang='lat' dir='ltr'>tur.</span> <span class='ocrx_word' id='word_1_113' title='bbox 286 2169 383 2249; x_wconf 90' lang='lat' dir='ltr'>Post,</span> <span class='ocrx_word' id='word_1_114' title='bbox 410 2171 468 2236; x_wconf 92' lang='lat' dir='ltr'>ubi</span> <span class='ocrx_word' id='word_1_115' title='bbox 495 2171 631 2256; x_wconf 88' lang='lat' dir='ltr'>regium</span> <span class='ocrx_word' id='word_1_116' title='bbox 657 2171 853 2255; x_wconf 90' lang='lat' dir='ltr'>imperium,</span> <span class='ocrx_word' id='word_1_117' title='bbox 881 2171 977 2256; x_wconf 84' lang='lat' dir='ltr'>quod</span> <span class='ocrx_word' id='word_1_118' title='bbox 1003 2170 1103 2237; x_wconf 79' lang='lat' dir='ltr'>initie</span> <span class='ocrx_word' id='word_1_119' title='bbox 1130 2178 1213 2238; x_wconf 86' lang='lat' dir='ltr'>con·</span> <span class='ocrx_word' id='word_1_120' title='bbox 1231 2202 1262 2254; x_wconf 71' lang='grc' dir='ltr'>ας</span> 
     </span>
     <span class='ocr_line' id='line_1_18' title="bbox 165 2279 1212 2365; baseline 0.003 -21"><span class='ocrx_word' id='word_1_121' title='bbox 165 2280 356 2345; x_wconf 91' lang='lat' dir='ltr'>servandae</span> <span class='ocrx_word' id='word_1_122' title='bbox 376 2279 542 2346; x_wconf 59' lang='lat' dir='ltr'>libertatis</span> <span class='ocrx_word' id='word_1_123' title='bbox 562 2290 668 2365; x_wconf 90' lang='lat' dir='ltr'>atque</span> <span class='ocrx_word' id='word_1_124' title='bbox 688 2281 872 2365; x_wconf 85' lang='lat' dir='ltr'>augendae</span> <span class='ocrx_word' id='word_1_125' title='bbox 893 2287 940 2346; x_wconf 90' lang='lat' dir='ltr'>rei</span> <span class='ocrx_word' id='word_1_126' title='bbox 961 2279 1120 2365; x_wconf 75' lang='lat' dir='ltr'>pirblicae</span> <span class='ocrx_word' id='word_1_127' title='bbox 1140 2281 1212 2348; x_wconf 89' lang='lat' dir='ltr'>lue-</span> 
     </span>
     <span class='ocr_line' id='line_1_19' title="bbox 162 2388 1212 2474; baseline 0.005 -22"><span class='ocrx_word' id='word_1_128' title='bbox 162 2398 225 2466; x_wconf 88' lang='lat' dir='ltr'>rat,</span> <span class='ocrx_word' id='word_1_129' title='bbox 249 2388 284 2452; x_wconf 92' lang='lat' dir='ltr'>in</span> <span class='ocrx_word' id='word_1_130' title='bbox 306 2389 501 2472; x_wconf 88' lang='lat' dir='ltr'>superbiam</span> <span class='ocrx_word' id='word_1_131' title='bbox 524 2389 871 2474; x_wconf 68' lang='lat' dir='ltr'>dominetienemque</span> <span class='ocrx_word' id='word_1_132' title='bbox 893 2396 929 2456; x_wconf 90' lang='lat' dir='ltr'>se</span> <span class='ocrx_word' id='word_1_133' title='bbox 952 2390 1136 2468; x_wconf 89' lang='lat' dir='ltr'>convortit,</span> <span class='ocrx_word' id='word_1_134' title='bbox 1161 2391 1212 2457; x_wconf 91' lang='lat' dir='ltr'>in-</span> 
     </span>
     <span class='ocr_line' id='line_1_20' title="bbox 164 2501 1212 2586; baseline 0.006 -24"><span class='ocrx_word' id='word_1_135' title='bbox 164 2504 305 2563; x_wconf 77' lang='lat' dir='ltr'>mutato</span> <span class='ocrx_word' id='word_1_136' title='bbox 336 2505 432 2565; x_wconf 80' lang='lat' dir='ltr'>mdre</span> <span class='ocrx_word' id='word_1_137' title='bbox 462 2521 578 2566; x_wconf 89' lang='lat' dir='ltr'>annua</span> <span class='ocrx_word' id='word_1_138' title='bbox 609 2501 752 2585; x_wconf 89' lang='lat' dir='ltr'>imperia</span> <span class='ocrx_word' id='word_1_139' title='bbox 782 2501 953 2586; x_wconf 78' lang='lat' dir='ltr'>binesque</span> <span class='ocrx_word' id='word_1_140' title='bbox 983 2501 1212 2586; x_wconf 73' lang='lat' dir='ltr'>imperetbres</span> 
     </span>
     <span class='ocr_line' id='line_1_21' title="bbox 165 2606 1212 2694; baseline 0.005 -23"><span class='ocrx_word' id='word_1_141' title='bbox 165 2606 227 2673; x_wconf 92' lang='lat' dir='ltr'>sibi</span> <span class='ocrx_word' id='word_1_142' title='bbox 264 2607 392 2686; x_wconf 85' lang='lat' dir='ltr'>fecere;</span> <span class='ocrx_word' id='word_1_143' title='bbox 426 2615 468 2674; x_wconf 80' lang='lat' dir='ltr'>ee</span> <span class='ocrx_word' id='word_1_144' title='bbox 502 2610 606 2674; x_wconf 76' lang='lat' dir='ltr'>mode</span> <span class='ocrx_word' id='word_1_145' title='bbox 641 2610 792 2676; x_wconf 88' lang='lat' dir='ltr'>minume</span> <span class='ocrx_word' id='word_1_146' title='bbox 825 2631 923 2694; x_wconf 88' lang='lat' dir='ltr'>posse</span> <span class='ocrx_word' id='word_1_147' title='bbox 957 2611 1120 2694; x_wconf 73' lang='lat' dir='ltr'>putebant</span> <span class='ocrx_word' id='word_1_148' title='bbox 1153 2631 1212 2694; x_wconf 91' lang='lat' dir='ltr'>per</span> 
     </span>
     <span class='ocr_line' id='line_1_22' title="bbox 162 2716 1263 2804; baseline 0.005 -22"><span class='ocrx_word' id='word_1_149' title='bbox 162 2716 336 2782; x_wconf 87' lang='lat' dir='ltr'>licentiam</span> <span class='ocrx_word' id='word_1_150' title='bbox 355 2719 561 2786; x_wconf 74' lang='lat' dir='ltr'>insolescere</span> <span class='ocrx_word' id='word_1_151' title='bbox 583 2720 738 2786; x_wconf 90' lang='lat' dir='ltr'>animum</span> <span class='ocrx_word' id='word_1_152' title='bbox 760 2720 963 2786; x_wconf 76' lang='lat' dir='ltr'>hirmenum.</span> <span class='ocrx_word' id='word_1_153' title='bbox 1231 2756 1263 2804; x_wconf 60' lang='grc' dir='ltr'><strong><em>φ</em></strong></span> 
     </span>
    </p>

    <p class='ocr_par' dir='ltr' id='par_1_3' title="bbox 161 2827 1211 3242">
     <span class='ocr_line' id='line_1_23' title="bbox 233 2827 1211 2916; baseline 0.003 -24"><span class='ocrx_word' id='word_1_154' title='bbox 233 2827 317 2894; x_wconf 86' lang='lat' dir='ltr'><strong>VII.</strong></span> <span class='ocrx_word' id='word_1_155' title='bbox 338 2827 406 2894; x_wconf 88' lang='lat' dir='ltr'>Sed</span> <span class='ocrx_word' id='word_1_156' title='bbox 425 2836 464 2896; x_wconf 78' lang='lat' dir='ltr'>ee</span> <span class='ocrx_word' id='word_1_157' title='bbox 483 2838 694 2916; x_wconf 80' lang='lat' dir='ltr'>tempestate</span> <span class='ocrx_word' id='word_1_158' title='bbox 714 2838 859 2916; x_wconf 86' lang='lat' dir='ltr'>coepere</span> <span class='ocrx_word' id='word_1_159' title='bbox 879 2837 915 2898; x_wconf 86' lang='lat' dir='ltr'>se</span> <span class='ocrx_word' id='word_1_160' title='bbox 934 2831 1080 2916; x_wconf 91' lang='lat' dir='ltr'>quisque</span> <span class='ocrx_word' id='word_1_161' title='bbox 1099 2828 1211 2914; x_wconf 90' lang='lat' dir='ltr'>magis</span> 
     </span>
     <span class='ocr_line' id='line_1_24' title="bbox 162 2939 1208 3025; baseline 0.001 -22"><span class='ocrx_word' id='word_1_162' title='bbox 162 2939 331 3004; x_wconf 84' lang='lat' dir='ltr'>extollere</span> <span class='ocrx_word' id='word_1_163' title='bbox 368 2939 549 3024; x_wconf 85' lang='lat' dir='ltr'>magisque</span> <span class='ocrx_word' id='word_1_164' title='bbox 584 2940 765 3025; x_wconf 85' lang='lat' dir='ltr'>ingenium</span> <span class='ocrx_word' id='word_1_165' title='bbox 801 2941 836 3005; x_wconf 94' lang='lat' dir='ltr'>in</span> <span class='ocrx_word' id='word_1_166' title='bbox 870 2945 1036 3024; x_wconf 74' lang='lat' dir='ltr'>promptia</span> <span class='ocrx_word' id='word_1_167' title='bbox 1072 2939 1208 3005; x_wconf 88' lang='lat' dir='ltr'>habere.</span> 
     </span>
     <span class='ocr_line' id='line_1_25' title="bbox 163 3047 1210 3135; baseline 0.003 -24"><span class='ocrx_word' id='word_1_168' title='bbox 163 3047 254 3112; x_wconf 89' lang='lat' dir='ltr'>Nam</span> <span class='ocrx_word' id='word_1_169' title='bbox 273 3049 414 3134; x_wconf 90' lang='lat' dir='ltr'>regibus</span> <span class='ocrx_word' id='word_1_170' title='bbox 433 3050 516 3115; x_wconf 89' lang='lat' dir='ltr'>boni</span> <span class='ocrx_word' id='word_1_171' title='bbox 536 3072 640 3135; x_wconf 89' lang='lat' dir='ltr'>quam</span> <span class='ocrx_word' id='word_1_172' title='bbox 660 3053 740 3116; x_wconf 89' lang='lat' dir='ltr'>mali</span> <span class='ocrx_word' id='word_1_173' title='bbox 759 3051 991 3135; x_wconf 75' lang='lat' dir='ltr'>suspectiores</span> <span class='ocrx_word' id='word_1_174' title='bbox 1011 3060 1102 3128; x_wconf 90' lang='lat' dir='ltr'>sunt,</span> <span class='ocrx_word' id='word_1_175' title='bbox 1122 3069 1210 3116; x_wconf 89' lang='lat' dir='ltr'>sem-</span> 
     </span>
     <span class='ocr_line' id='line_1_26' title="bbox 161 3161 958 3242; baseline 0.004 -18"><span class='ocrx_word' id='word_1_176' title='bbox 161 3180 291 3242; x_wconf 88' lang='lat' dir='ltr'>perque</span> <span class='ocrx_word' id='word_1_177' title='bbox 314 3165 362 3226; x_wconf 90' lang='lat' dir='ltr'>eis</span> <span class='ocrx_word' id='word_1_178' title='bbox 384 3161 493 3226; x_wconf 88' lang='lat' dir='ltr'>aliena</span> <span class='ocrx_word' id='word_1_179' title='bbox 515 3161 623 3226; x_wconf 75' lang='lat' dir='ltr'>virttis</span> <span class='ocrx_word' id='word_1_180' title='bbox 647 3161 873 3227; x_wconf 77' lang='lat' dir='ltr'>lonnidulbsa</span> <span class='ocrx_word' id='word_1_181' title='bbox 898 3171 958 3228; x_wconf 90' lang='lat' dir='ltr'>est.</span> 
     </span>
    </p>

    <p class='ocr_par' dir='ltr' id='par_1_4' title="bbox 158 3269 1261 4018">
     <span class='ocr_line' id='line_1_27' title="bbox 232 3269 1244 3356; baseline -0.002 -20"><span class='ocrx_word' id='word_1_182' title='bbox 232 3269 299 3336; x_wconf 87' lang='lat' dir='ltr'>Sed</span> <span class='ocrx_word' id='word_1_183' title='bbox 320 3270 440 3336; x_wconf 71' lang='lat' dir='ltr'>civitais</span> <span class='ocrx_word' id='word_1_184' title='bbox 458 3270 658 3337; x_wconf 78' lang='lat' dir='ltr'>incredibile</span> <span class='ocrx_word' id='word_1_185' title='bbox 678 3277 874 3337; x_wconf 75' lang='lat' dir='ltr'>memoratri</span> <span class='ocrx_word' id='word_1_186' title='bbox 895 3281 947 3338; x_wconf 89' lang='lat' dir='ltr'>est</span> <span class='ocrx_word' id='word_1_187' title='bbox 965 3270 1090 3356; x_wconf 75' lang='lat' dir='ltr'>adepte</span> <span class='ocrx_word' id='word_1_188' title='bbox 1109 3270 1210 3336; x_wconf 87' lang='lat' dir='ltr'>liber·</span> <span class='ocrx_word' id='word_1_189' title='bbox 1230 3298 1244 3348; x_wconf 72' lang='grc' dir='ltr'><strong>ς</strong></span> 
     </span>
     <span class='ocr_line' id='line_1_28' title="bbox 163 3381 1211 3466; baseline 0 -20"><span class='ocrx_word' id='word_1_190' title='bbox 163 3387 233 3446; x_wconf 78' lang='lat' dir='ltr'>ta&#39;tte</span> <span class='ocrx_word' id='word_1_191' title='bbox 265 3391 430 3464; x_wconf 88' lang='lat' dir='ltr'>quantum</span> <span class='ocrx_word' id='word_1_192' title='bbox 465 3382 558 3447; x_wconf 86' lang='lat' dir='ltr'>brevi</span> <span class='ocrx_word' id='word_1_193' title='bbox 593 3381 755 3448; x_wconf 89' lang='lat' dir='ltr'>creverit:</span> <span class='ocrx_word' id='word_1_194' title='bbox 790 3391 884 3447; x_wconf 91' lang='lat' dir='ltr'>tanta</span> <span class='ocrx_word' id='word_1_195' title='bbox 920 3381 1044 3465; x_wconf 76' lang='lat' dir='ltr'>cupide</span> <span class='ocrx_word' id='word_1_196' title='bbox 1080 3381 1211 3466; x_wconf 78' lang='lat' dir='ltr'>gleriae</span> 
     </span>
     <span class='ocr_line' id='line_1_29' title="bbox 160 3490 1209 3574; baseline -0.001 -19"><span class='ocrx_word' id='word_1_197' title='bbox 160 3491 357 3566; x_wconf 84' lang='lat' dir='ltr'>incesserat.</span> <span class='ocrx_word' id='word_1_198' title='bbox 403 3491 477 3556; x_wconf 86' lang='lat' dir='ltr'>lam</span> <span class='ocrx_word' id='word_1_199' title='bbox 500 3498 650 3574; x_wconf 82' lang='lat' dir='ltr'>primurn</span> <span class='ocrx_word' id='word_1_200' title='bbox 671 3492 844 3567; x_wconf 74' lang='lat' dir='ltr'>iuventtis,</span> <span class='ocrx_word' id='word_1_201' title='bbox 867 3491 968 3557; x_wconf 90' lang='lat' dir='ltr'>simul</span> <span class='ocrx_word' id='word_1_202' title='bbox 988 3513 1028 3558; x_wconf 91' lang='lat' dir='ltr'>ac</span> <span class='ocrx_word' id='word_1_203' title='bbox 1048 3490 1130 3558; x_wconf 89' lang='lat' dir='ltr'>belli</span> <span class='ocrx_word' id='word_1_204' title='bbox 1150 3511 1209 3574; x_wconf 93' lang='lat' dir='ltr'>pa-</span> 
     </span>
     <span class='ocr_line' id='line_1_30' title="bbox 160 3600 1209 3685; baseline 0 -19"><span class='ocrx_word' id='word_1_205' title='bbox 160 3601 249 3666; x_wconf 85' lang='lat' dir='ltr'>tiens</span> <span class='ocrx_word' id='word_1_206' title='bbox 268 3611 353 3678; x_wconf 92' lang='lat' dir='ltr'>erat,</span> <span class='ocrx_word' id='word_1_207' title='bbox 371 3600 405 3665; x_wconf 94' lang='lat' dir='ltr'>in</span> <span class='ocrx_word' id='word_1_208' title='bbox 424 3607 547 3667; x_wconf 90' lang='lat' dir='ltr'>castris</span> <span class='ocrx_word' id='word_1_209' title='bbox 565 3623 626 3685; x_wconf 90' lang='lat' dir='ltr'>per</span> <span class='ocrx_word' id='word_1_210' title='bbox 644 3602 798 3667; x_wconf 82' lang='lat' dir='ltr'>laborem</span> <span class='ocrx_word' id='word_1_211' title='bbox 816 3607 919 3667; x_wconf 73' lang='lat' dir='ltr'>fisum</span> <span class='ocrx_word' id='word_1_212' title='bbox 937 3601 1082 3667; x_wconf 85' lang='lat' dir='ltr'>militiae</span> <span class='ocrx_word' id='word_1_213' title='bbox 1101 3601 1209 3667; x_wconf 90' lang='lat' dir='ltr'>disce-</span> 
     </span>
     <span class='ocr_line' id='line_1_31' title="bbox 162 3709 1211 3794; baseline 0 -19"><span class='ocrx_word' id='word_1_214' title='bbox 162 3711 219 3775; x_wconf 91' lang='lat' dir='ltr'>bat</span> <span class='ocrx_word' id='word_1_215' title='bbox 250 3709 427 3794; x_wconf 87' lang='lat' dir='ltr'>magisque</span> <span class='ocrx_word' id='word_1_216' title='bbox 458 3709 492 3774; x_wconf 91' lang='lat' dir='ltr'>in</span> <span class='ocrx_word' id='word_1_217' title='bbox 524 3710 655 3775; x_wconf 81' lang='lat' dir='ltr'>decoris</span> <span class='ocrx_word' id='word_1_218' title='bbox 686 3717 789 3774; x_wconf 85' lang='lat' dir='ltr'>armis</span> <span class='ocrx_word' id='word_1_219' title='bbox 821 3720 852 3775; x_wconf 92' lang='lat' dir='ltr'>et</span> <span class='ocrx_word' id='word_1_220' title='bbox 884 3710 1086 3776; x_wconf 62' lang='lat' dir='ltr'>militaribus</span> <span class='ocrx_word' id='word_1_221' title='bbox 1117 3716 1211 3794; x_wconf 88' lang='lat' dir='ltr'>equis</span> 
     </span>
     <span class='ocr_line' id='line_1_32' title="bbox 158 3819 1261 3905; baseline 0.001 -20"><span class='ocrx_word' id='word_1_222' title='bbox 158 3841 264 3905; x_wconf 91' lang='lat' dir='ltr'>quam</span> <span class='ocrx_word' id='word_1_223' title='bbox 288 3819 322 3883; x_wconf 92' lang='lat' dir='ltr'>in</span> <span class='ocrx_word' id='word_1_224' title='bbox 347 3825 469 3884; x_wconf 86' lang='lat' dir='ltr'>scortis</span> <span class='ocrx_word' id='word_1_225' title='bbox 492 3830 596 3903; x_wconf 90' lang='lat' dir='ltr'>atque</span> <span class='ocrx_word' id='word_1_226' title='bbox 620 3820 788 3885; x_wconf 85' lang='lat' dir='ltr'>conviviis</span> <span class='ocrx_word' id='word_1_227' title='bbox 811 3820 1001 3886; x_wconf 87' lang='lat' dir='ltr'>lubidinem</span> <span class='ocrx_word' id='word_1_228' title='bbox 1025 3820 1206 3885; x_wconf 89' lang='lat' dir='ltr'>habebant.</span> <span class='ocrx_word' id='word_1_229' title='bbox 1230 3849 1261 3886; x_wconf 80' lang='grc' dir='ltr'>ιο</span> 
     </span>
     <span class='ocr_line' id='line_1_33' title="bbox 159 3927 1211 4018; baseline -0.001 -23"><span class='ocrx_word' id='word_1_230' title='bbox 159 3929 274 4018; x_wconf 90' lang='lat' dir='ltr'>Igitur</span> <span class='ocrx_word' id='word_1_231' title='bbox 291 3927 415 3996; x_wconf 71' lang='lat' dir='ltr'>telibus</span> <span class='ocrx_word' id='word_1_232' title='bbox 434 3928 515 3995; x_wconf 89' lang='lat' dir='ltr'>viris</span> <span class='ocrx_word' id='word_1_233' title='bbox 532 3936 603 3995; x_wconf 84' lang='lat' dir='ltr'>non</span> <span class='ocrx_word' id='word_1_234' title='bbox 622 3929 717 3995; x_wconf 77' lang='lat' dir='ltr'>labes</span> <span class='ocrx_word' id='word_1_235' title='bbox 734 3929 901 4008; x_wconf 71' lang='lat' dir='ltr'>Insolitus</span> <span class='ocrx_word' id='word_1_236' title='bbox 921 3936 991 3995; x_wconf 80' lang='lat' dir='ltr'>nen</span> <span class='ocrx_word' id='word_1_237' title='bbox 1010 3929 1102 3996; x_wconf 90' lang='lat' dir='ltr'>locus</span> <span class='ocrx_word' id='word_1_238' title='bbox 1121 3929 1211 3996; x_wconf 74' lang='lat' dir='ltr'>{illus</span> 
     </span>
    </p>
   </div>
   <div class='ocr_carea' id='block_1_3' title="bbox 0 0 1530 4522">
    <p class='ocr_par' dir='ltr' id='par_1_5' title="bbox 0 0 1530 4522">
     <span class='ocr_line' id='line_1_34' title="bbox 0 0 1530 4522; baseline 0 4"><span class='ocrx_word' id='word_1_239' title='bbox 0 0 1530 4522; x_wconf 95' lang='lat' dir='ltr'> </span> 
     </span>
    </p>
   </div>
  </div>
 </body>
</html>
