3092 4518
456 335 539 388 THE
565 335 814 389 CONSPIRACY
841 337 890 390 OF
917 337 1108 391 CATILINE
1259 339 1301 403 43

327 513 396 580 Sed
428 514 511 579 mihi
545 515 653 580 multa
687 515 831 600 legenti,
866 516 977 582 multa
1011 516 1176 596 audienti,
1212 538 1301 602 quae

256 623 399 706 populus
424 623 601 687 Romunus
625 623 716 687 domi
741 623 955 708 militiaeque,
980 631 1065 689 mari
1089 635 1189 709 atque
1210 631 1301 691 terrai

258 733 434 816 praeclusa
457 732 613 798 facinora
636 732 728 811 fecit,
752 733 843 800 forte
865 734 978 800 lubuit
1002 735 1189 801 adtendere
1212 756 1301 819 quae

257 848 309 906 res
342 847 506 906 maxume
539 851 639 907 tanta
672 841 817 928 negutia
850 841 1082 909 sustinuisset.
1141 843 1301 909 Sciebam

257 956 497 1032 saepenumeru
536 955 641 1034 parve
679 956 782 1015 manu
822 971 898 1016 cum
936 957 1070 1036 mugnis
1110 951 1300 1036 legionibus
1321 976 1352 1012 10

256 1059 408 1125 hostium
429 1059 664 1139 contendisse;
685 1067 922 1145 cugnuveram
944 1067 1060 1145 parvis
1082 1059 1191 1145 cupiis
1212 1060 1301 1126 bella

258 1179 357 1253 gesta
379 1191 460 1234 curn
482 1170 656 1254 opulentis
678 1169 818 1256 regibus
826 1191 833 1248 ;
856 1171 900 1236 ad
922 1170 990 1236 huc
1014 1191 1116 1254 saepe
1139 1169 1301 1235 lortunae

256 1277 459 1344 violentiam
479 1278 697 1357 toleruvisse;
718 1279 880 1344 facundie
902 1278 1066 1359 Graecus,
1089 1277 1200 1364 gloria
1220 1278 1301 1344 belli

259 1385 378 1453 Gallus
406 1397 488 1454 ante
518 1387 698 1453 Rumunus
727 1388 840 1454 luisse.
893 1387 947 1453 Ac
976 1387 1059 1453 mihi
1087 1388 1198 1453 multa
1227 1387 1301 1472 agi·

255 1501 340 1559 tanti
367 1497 544 1562 constebat
569 1502 756 1580 paucerum
784 1496 909 1562 civium
936 1496 1111 1581 egregiam
1138 1495 1300 1562 virtutem
1321 1522 1350 1573 15

257 1611 384 1671 cuncta
406 1606 607 1690 patruvisse,
631 1613 744 1690 euque
765 1607 899 1672 iactum
921 1613 974 1672 uti
996 1605 1132 1673 divitius
1155 1626 1300 1690 pauper-

255 1721 316 1793 tas,
336 1714 595 1781 multitudinem
615 1715 772 1800 paucitas
792 1722 979 1800 superaret.
1024 1714 1092 1781 Sed
1111 1724 1300 1800 postquam

257 1824 342 1888 luxu
369 1835 477 1908 atque
504 1825 635 1890 desidie
660 1825 782 1890 civiles
809 1834 984 1909 conrupta
1011 1834 1073 1906 est,
1101 1829 1218 1889 rursus
1246 1829 1300 1890 res

256 1932 394 2017 publica
421 1933 663 2018 magnitudine
690 1940 752 1999 suu
778 1934 1032 2018 impereturum
1058 1944 1163 2017 atque
1189 1933 1300 2018 magi-

256 2047 423 2107 stratuum
447 2041 530 2107 vitia
555 2043 773 2120 sustentabat,
799 2064 848 2120 ac,
874 2048 972 2108 sicuti
996 2041 1100 2108 effetu
1124 2049 1158 2108 vi
1181 2063 1300 2126 paren·
1319 2067 1351 2106 20

256 2161 341 2229 tum,
365 2152 483 2217 multis
507 2151 772 2236 tempestatibus
795 2152 889 2218 haud
913 2158 995 2218 sene
1019 2150 1205 2236 quisquam
1228 2151 1300 2216 Ru-

254 2281 332 2327 mae
351 2260 481 2326 virtute
501 2267 650 2346 mugnus
670 2261 745 2327 luit.
791 2260 860 2327 Sed
880 2261 1049 2327 memorie
1069 2267 1146 2326 meu
1165 2261 1300 2346 ingenti

256 2371 397 2451 virtute,
421 2373 567 2438 divorsis
589 2373 744 2439 muribus
766 2373 860 2440 luere
882 2373 946 2439 viri
968 2373 1049 2452 du0,
1074 2373 1123 2438 M.
1148 2371 1238 2438 Catu
1263 2381 1298 2438 et

258 2480 295 2546 C.
329 2480 465 2547 Caesar.
522 2481 624 2566 Quus
655 2482 821 2566 quoniam
852 2488 906 2548 res
937 2482 1127 2561 obtulerat,
1160 2480 1298 2548 silentiu

253 2597 441 2675 praeterire
458 2591 609 2657 nonfuit
626 2591 819 2670 cunsilium,
838 2597 921 2676 quin
938 2597 1121 2676 utriusque
1139 2595 1298 2656 nuturam
1318 2616 1348 2668 25

254 2711 287 2766 et
307 2706 433 2779 mures,
455 2710 628 2784 quantum
647 2700 789 2787 ingenie
810 2721 963 2785 possum,
985 2706 1163 2784 aperirem.

327 2811 421 2878 LIV.
454 2812 569 2897 Igitur
597 2818 645 2878 eis
674 2833 795 2897 genus,
825 2819 932 2891 aetus,
961 2811 1162 2897 eloquentia
1191 2832 1298 2896 prope

254 2920 410 3006 aequulia
428 2921 532 3001 luere,
552 2920 760 3005 megnitudu
779 2920 886 2986 animi
904 2928 974 3006 pur,
994 2921 1079 2987 item
1097 2921 1219 3007 gluria,
1239 2921 1299 2988 sed

255 3030 321 3094 alia
350 3029 416 3094 alii.
471 3029 597 3095 Caesar
626 3028 793 3095 beneficiis
824 3037 863 3095 uc
893 3028 1123 3095 munificentie
1153 3036 1299 3114 mugnus

253 3139 456 3221 habebetur,
474 3139 679 3224 integritute
696 3145 790 3205 vitae
808 3137 909 3206 Catu.
953 3140 1015 3206 Ille
1032 3137 1299 3205 mansuetudine

256 3259 291 3315 et
315 3249 548 3314 misericordie
571 3249 683 3314 clerus
707 3249 831 3328 iactus,
856 3248 937 3314 huic
961 3248 1125 3314 severitus
1150 3248 1331 3335 dignita-5

253 3371 322 3426 tem
343 3360 528 3425 addiderat.
577 3359 702 3426 Caesar
724 3360 849 3438 dandi),
874 3361 1092 3439 sublevando,
1117 3361 1299 3446 ignescun-

253 3471 310 3548 du,
332 3469 421 3536 Cato
442 3469 526 3534 nihil
545 3470 728 3556 largiundo
750 3471 896 3555 gloriam
917 3471 1065 3554 adeptus
1085 3481 1145 3536 est.
1192 3471 1233 3534 in
1254 3468 1300 3536 al-

252 3585 327 3644 teru
347 3579 478 3644 miseris
498 3579 694 3664 perfugium
714 3589 796 3657 erat,
817 3579 851 3644 in
872 3580 979 3645 alteru
999 3579 1096 3644 malis
1116 3579 1298 3664 pernicies;

252 3688 341 3752 illius
360 3687 516 3766 facilites
535 3688 636 3754 huius
654 3689 845 3754 constantia
863 3688 1073 3755 laudubutur.
1118 3690 1298 3754 Postremi)

253 3797 379 3862 Caesar
399 3796 433 3862 in
453 3797 605 3863 animum
625 3797 807 3863 induxerat
827 3798 991 3876 laburure,
1013 3798 1172 3882 vigilere;
1193 3802 1298 3882 negu—
1319 3824 1351 3860 10

253 3905 310 3972 tiis
334 3913 522 3973 amicerum
547 3907 695 3972 intentus
721 3927 781 3972 sua
805 3907 994 3993 neglegere,
1020 3907 1104 3972 nihil
1130 3907 1299 3992 denegere
