3092 4518
411 347 494 402 THE
520 347 769 404 CONSPIRACY
795 347 845 404 OF
870 349 1062 405 CATILINE
1214 353 1258 420 49

209 530 296 596 toris
318 529 432 596 officia
455 531 556 595 simul
579 531 846 617 exsequobotur.
895 532 1055 599 Petroius
1077 532 1137 598 ubi
1159 530 1254 599 videt

210 638 402 717 Catilinam,
433 645 552 704 contro
581 660 620 705 ac
651 649 744 706 ratus
774 650 856 718 erat,
887 647 1014 725 mogno
1044 647 1078 706 vi
1108 642 1254 720 tendere,

209 749 389 814 cohortem
407 749 618 833 praetoriam
637 751 671 814 in
689 750 825 818 medios
843 751 955 817 hostis
974 751 1107 818 indocit
1127 757 1257 837 eosque
1277 775 1306 826 15

210 859 436 942 perturbatos
470 870 577 943 atque
611 859 697 926 alios
732 859 813 926 alibi
847 859 1041 926 resistentis
1076 861 1256 940 interficit;

211 968 333 1034 deinde
371 968 547 1053 utrimque
584 991 629 1035 ex
666 969 830 1035 lateribus
868 976 1003 1036 coteros
1041 970 1254 1056 adgreditur.

212 1077 364 1142 Monlius
388 1087 422 1144 et
447 1077 662 1144 Faesulanus
686 1078 721 1143 in
745 1084 865 1162 primis
889 1085 1088 1163 pugnantes
1113 1082 1254 1146 cadunt.

210 1185 354 1252 Catihna
386 1197 573 1271 postquam
607 1187 700 1254 iosos
733 1188 853 1273 copios
885 1194 990 1273 soque
1025 1209 1105 1254 cum
1139 1194 1257 1273 paucis

210 1295 361 1361 relictum
392 1296 495 1375 videt,
527 1318 658 1362 memor
689 1297 823 1383 generis
854 1307 954 1381 atque
984 1297 1145 1382 pristinae
1177 1318 1257 1363 suae
1275 1326 1308 1364 20

209 1405 396 1489 dignitotis
434 1405 468 1471 in
503 1405 788 1472 confertissumos
824 1407 931 1473 hostis
968 1407 1109 1474 incurrit
1145 1406 1256 1490 ibique

208 1520 369 1599 pognons
392 1515 602 1583 confoditur.

278 1623 377 1690 LXI.
412 1624 481 1692 Sed
514 1626 676 1693 conlecto
709 1626 842 1712 proelio
874 1637 950 1692 tum
982 1631 1065 1692 voro
1099 1630 1256 1692 cerneros

209 1745 340 1818 quanta
361 1734 506 1800 eudocia
529 1746 732 1820 quantaque
753 1735 860 1802 animi
881 1742 933 1801 vis
955 1735 1076 1801 luisset
1099 1733 1134 1800 in
1157 1756 1255 1801 exer-

210 1841 278 1907 cito
310 1841 484 1908 Catilinae.
542 1844 632 1910 Nam
664 1843 736 1910 fero
765 1865 865 1928 quem
896 1843 1037 1928 quisque
1066 1850 1164 1909 v1vus
1194 1849 1255 1928 po-

210 1953 353 2037 gnando
381 1953 499 2019 locum
526 1960 677 2038 ceperat,
707 1975 786 2020 eum
813 1953 940 2020 amisso
967 1952 1082 2019 animo
1110 1973 1255 2037 corpore

208 2063 363 2147 tegobat.
412 2061 521 2128 Pauci
544 2075 672 2144 autem,
697 2069 785 2148 quos
808 2061 942 2128 medios
964 2062 1092 2128 cohors
1116 2067 1255 2147 praeto·
1275 2085 1289 2135 5

209 2171 259 2237 ria
280 2171 473 2254 disiocerat‚
496 2172 602 2257 paulo
624 2171 805 2252 divorsius,
829 2172 890 2238 sed
912 2178 1033 2238 omnies
1056 2181 1174 2237 tamen
1196 2171 1255 2236 ad-

209 2287 320 2348 vorsis
346 2281 546 2348 volneribus
574 2281 807 2347 conciderant.
860 2279 1012 2347 Catilina
1039 2285 1122 2346 voro
1149 2281 1256 2365 longe

206 2397 228 2456 o
247 2397 317 2457 suis
336 2391 427 2457 inter
446 2391 602 2457 hostium
622 2390 793 2456 cadovera
813 2399 970 2476 repertus
992 2399 1053 2469 est,
1075 2389 1255 2474 paululum

209 2500 315 2566 etiam
337 2507 473 2585 spirans
497 2500 731 2584 ferociamque
753 2499 860 2564 animi
883 2520 990 2584 quam
1012 2498 1182 2564 habuerat
1205 2503 1255 2564 vi-

208 2630 272 2674 vus
296 2609 331 2674 in
356 2610 451 2676 volto
476 2609 634 2674 retinons.
686 2609 866 2673 Postremo
892 2629 935 2674 ex
960 2613 1053 2672 omni
1077 2606 1176 2690 copio
1198 2627 1254 2670 ne·
1277 2633 1308 2670 ιο

208 2719 326 2805 quein
343 2718 477 2803 proelio
495 2740 608 2803 neque
625 2718 659 2782 in
677 2718 761 2803 lugo
778 2717 962 2802 quisquam
980 2716 1064 2782 civis
1081 2715 1255 2800 ingenuus

210 2839 333 2915 captus
361 2839 431 2907 est;
457 2828 506 2893 ita
533 2833 650 2893 concti
677 2848 760 2893 suae
786 2825 1011 2910 hostiumque
1037 2831 1129 2891 vitae
1155 2823 1256 2889 iiixto

208 2948 445 3023 pepercerant.

278 3048 401 3132 Neque
417 3057 537 3114 tamen
554 3045 729 3113 exercitus
745 3045 865 3130 populi
882 3044 1033 3108 Romoni
1049 3043 1177 3108 laetam
1193 3051 1254 3108 aut

210 3157 419 3222 incruentam
448 3155 628 3221 victoriam
657 3155 798 3238 adeptus
826 3162 915 3230 erat;
944 3173 1023 3216 nam
1053 3150 1306 3229 stronuissu-15

208 3288 284 3331 mus
318 3266 458 3349 quisque
490 3275 549 3330 aut
581 3264 750 3329 occiderat
784 3262 818 3326 in
851 3260 980 3345 proelio
1015 3270 1072 3325 aut
1105 3259 1256 3344 graviter
1295 3265 1299 3272 '

210 3376 413 3442 volneratus
441 3375 654 3441 discesserat.
708 3372 815 3437 Multi
842 3380 974 3450 autem,
1003 3375 1062 3454 qui
1088 3375 1107 3435 ἑ
1134 3374 1256 3434 castris

209 3485 348 3550 visundi
373 3495 433 3550 aut
459 3483 631 3568 spoliandi
656 3481 772 3568 grotio
797 3486 1046 3565 processerant,
1073 3477 1255 3543 volventos

207 3594 350 3660 hostilia
382 3594 561 3673 cadovera,
594 3598 746 3658 amicum
778 3589 844 3668 alii,
878 3609 957 3674 pars
989 3586 1163 3671 hospitem
1195 3594 1256 3651 aut

209 3709 394 3788 cognotum
422 3702 649 3786 reperiebant;
677 3699 774 3766 fuore
800 3699 881 3764 item
908 3703 965 3780 qui
992 3695 1147 3760 inimicos
1175 3699 1255 3759 suos
1275 3727 1308 3764 20

209 3818 463 3897 cognoscerent.
518 3811 571 3876 Ita
599 3808 694 3875 vario
722 3829 781 3893 per
809 3827 945 3873 omnem
975 3804 1160 3872 exercitum
1189 3803 1255 3867 lae-

207 3921 295 4000 titia,
318 3942 461 3999 maeror,
484 3921 596 3986 loctirs
618 3928 719 4002 atque
741 3916 868 4002 gaudia
891 3914 1117 4000 agitobantur.

390 4027 406 4078 6
