3092 4518
258 353 301 416 44
454 352 538 440 ΤῌΕ
564 353 812 406 CONSPIRACY
838 353 888 407 OF
913 353 1105 407 CATILINE

259 530 350 612 quod
365 530 458 596 dono
474 531 616 616 dignum
631 541 734 609 esset;
750 531 812 598 sibi
827 538 991 617 magnum
1005 533 1193 618 imperium,
1209 553 1304 600 exer-

261 638 375 716 citum,
398 640 522 706 bellum
544 662 671 706 novum
694 642 886 726 exoptabat,
910 642 965 708 ubi
989 642 1098 707 virttis
1121 643 1304 708 enitescere

259 757 380 830 posset.
435 747 482 813 At
513 747 637 814 Catoni
667 750 817 816 studium
847 750 1042 830 modestiae,
1074 751 1214 830 decoriS,
1245 752 1303 817 sed

211 879 239 929 15
258 862 419 922 maxume
436 858 625 923 severitatis
643 869 714 925 erat
724 881 731 937 ;
749 865 820 924 non
838 859 964 925 divitiis
982 881 1058 926 cum
1076 860 1180 927 divite
1197 881 1304 945 neque

263 965 412 1032 factione
435 989 511 1032 cum
537 967 694 1046 factioso,
720 969 778 1034 sed
802 990 879 1034 cum
903 975 1042 1034 strenuo
1066 969 1202 1047 virtote,
1227 992 1304 1035 cum

260 1076 580 1160 modestopudore,
601 1099 680 1143 cum
698 1079 886 1144 innocente
904 1078 1114 1145 abstinentia
1132 1080 1304 1158 certabat3

260 1205 334 1251 esse
352 1206 456 1268 quam
474 1185 581 1252 videri
598 1186 710 1253 bonus
727 1187 894 1265 malebat;
911 1187 970 1267 ita,
989 1194 1059 1272 quo
1078 1187 1192 1254 minus
1210 1195 1304 1273 pete-

260 1294 319 1360 bat
338 1294 496 1379 gloriam,
515 1301 557 1362 eo
575 1296 686 1380 magis
704 1295 801 1360 illum
819 1297 1040 1380 sequebatur.

331 1402 406 1469 LV.
433 1403 638 1488 Postquam,
662 1415 702 1470 ut
726 1406 808 1484 dixi,
833 1411 974 1471 senatus
997 1406 1031 1471 in
1056 1405 1203 1472 Catonis
1227 1428 1303 1472 sen-

261 1512 408 1578 tentiam
430 1512 597 1592 discessit,
621 1513 753 1592 consul,
776 1525 963 1598 optumum
985 1514 1080 1580 iacto
1102 1525 1198 1580 ratus
1221 1537 1303 1582 noc-

258 1631 329 1687 tem
344 1643 433 1705 quae
447 1623 601 1688 instobat
616 1633 835 1707 antecapere,
852 1630 895 1688 ne
911 1625 994 1708 quid
1010 1630 1051 1690 eo
1068 1623 1181 1708 spatio
1197 1631 1303 1690 novo-

260 1736 363 1809 retur,
386 1731 551 1796 tresviros
575 1753 660 1815 quae
685 1731 719 1796 id
744 1732 945 1816 supplicium
969 1733 1160 1816 postulobat
1184 1739 1304 1818 parare

225 1866 238 1916 5
259 1839 369 1918 iubet;
385 1840 457 1924 ipse
474 1841 654 1925 praesidiis
671 1841 849 1926 dispositis
867 1841 1058 1908 Lentulum
1075 1842 1110 1908 in
1128 1863 1303 1908 carcerem

259 1949 398 2014 deducit
406 1971 414 2028 ;
429 1948 521 2016 idem
535 1950 573 2015 fit
589 1957 714 2016 ceterIs
729 1973 789 2036 per
803 1957 993 2036 praetores.
1035 1951 1100 2017 Est
1114 1951 1149 2016 in
1166 1972 1303 2018 carcere

258 2058 354 2123 locus
369 2059 464 2142 quod
479 2058 678 2125 Tullionum
693 2060 898 2145 adpellitur,
915 2060 973 2126 ubi
989 2061 1170 2145 paululum
1185 2081 1303 2126 ascen-

261 2166 350 2233 deris
375 2167 419 2232 ad
445 2168 589 2247 laevam,
616 2168 751 2234 circiter
777 2169 964 2235 duodecim
990 2169 1095 2254 pedes
1122 2169 1219 2235 humi
1245 2170 1303 2235 de-

261 2297 407 2360 pressus.
459 2276 550 2342 Eum
576 2277 737 2344 mimiunt
763 2278 917 2362 undique
943 2278 1091 2362 parietes
1118 2288 1226 2362 atque
1251 2285 1303 2343 in-

210 2415 241 2452 10
260 2406 365 2469 super
386 2407 521 2452 camera
544 2387 688 2470 lapideis
711 2387 899 2452 fornicibus
921 2386 1050 2466 iimcta,
1074 2389 1133 2454 sed
1157 2387 1301 2467 inculto,

260 2494 420 2574 tenebris
442 2496 561 2576 odore,
583 2495 685 2562 foeda
706 2507 813 2581 atque
834 2497 998 2563 terribilis
1018 2497 1092 2563 eius
1113 2497 1217 2564 facies
1238 2507 1301 2564 est.

259 2604 301 2668 In
321 2625 400 2669 eum
419 2605 535 2670 locum
554 2615 744 2690 postquam
764 2606 934 2672 demissus
954 2617 1005 2673 est
1026 2606 1208 2687 Lentulus,
1230 2607 1303 2672 vin·

261 2713 353 2779 dices
380 2719 494 2778 rerum
521 2713 722 2798 capitolium
750 2715 875 2800 quibus
901 2727 1128 2801 praeceptum
1155 2726 1228 2783 erat
1255 2716 1303 2782 la-

258 2827 345 2906 queo
370 2822 486 2906 gulam
511 2821 656 2908 fregere.
705 2823 758 2889 Ita
782 2825 837 2890 ille
861 2825 1022 2910 patricius
1046 2849 1089 2892 ex
1113 2836 1213 2912 gente
1236 2826 1302 2891 clo-

210 2966 239 3016 15
259 2932 404 2998 rissuma
422 2931 673 3016 Corneliorum,
693 2941 752 3019 qui
769 2937 950 3002 consulare
967 2934 1149 3020 imperium
1168 2936 1303 3000 Romae

260 3042 441 3121 habuerat,
477 3043 623 3128 dignum
657 3044 813 3109 moribus
847 3044 1016 3129 lactisque
1050 3051 1120 3110 suis
1156 3044 1303 3110 exitium

258 3158 352 3218 vttae
369 3151 512 3218 invenit.
556 3152 611 3218 De
629 3146 801 3237 Cethego,
821 3152 971 3232 Statilio,
991 3152 1150 3233 Gabinio,
1171 3153 1303 3236 Caepi-

260 3260 322 3340 rio,
343 3261 466 3326 eodem
486 3262 593 3327 modo
614 3262 822 3346 supplicium
842 3268 1022 3346 somptum
1042 3272 1104 3328 est.

330 3369 424 3435 LVI.
446 3370 541 3435 Dum
561 3393 601 3437 ea
621 3371 756 3438 Romae
774 3381 954 3456 geruntur,
975 3370 1126 3438 Catilina
1145 3393 1189 3438 ex
1208 3375 1304 3438 omni

262 3478 362 3563 copia
385 3501 490 3564 quam
514 3490 547 3545 et
571 3479 643 3564 ipse
667 3481 863 3546 adduxerat
888 3490 922 3547 et
948 3480 1101 3546 Manlius
1124 3480 1302 3557 habuerat,

262 3588 347 3654 duos
368 3587 523 3673 legiones
542 3589 706 3668 instituit,
729 3590 881 3655 cohortis
903 3595 966 3674 pro
987 3595 1132 3655 numero
1154 3588 1304 3653 militum

262 3698 423 3781 complet.
470 3697 615 3776 Deinde,
637 3709 675 3764 ut
696 3699 842 3783 quisque
862 3698 1081 3764 voluntorius
1102 3708 1163 3763 aut
1186 3719 1230 3762 ex
1251 3717 1304 3762 so-

228 3839 241 3889 5
261 3805 321 3870 ciis
341 3805 375 3869 in
397 3816 506 3870 castra
527 3813 676 3884 venerat,
698 3807 881 3891 aequaliter
903 3806 1129 3884 distribuerat,
1152 3827 1191 3871 ac
1211 3805 1304 3871 brevi

264 3915 377 4003 spatio
408 3915 563 4004 legiones
593 3923 738 3986 numero
768 3915 950 3982 hominum
980 3914 1193 4004 expleverat,
1225 3935 1305 3981 cum
