3092 4518
263 304 306 364 40
459 299 541 352 ΤΗΕ
568 298 816 352 CONSPIRACY
842 298 892 351 OF
918 297 1109 351 CATILINE
1172 287 1174 294 ¹

265 477 396 555 dentur,
420 486 536 543 nostra
558 497 601 542 an
624 476 801 542 nebiscum
824 482 893 542 une
914 475 1063 544 hostium
1088 473 1206 542 futura
1229 473 1305 541 sint.

265 588 334 653 Hic
354 587 438 652 mihi
458 586 641 670 quisquam
662 585 964 651 mansuetr'rdinem
985 596 1018 651 et
1039 584 1309 651 misericordiam

213 718 243 767 ³5
264 696 441 762 nominat?
492 695 567 760 Iam
594 695 727 779 pridem
755 694 918 779 equidem
945 701 1008 760 nes
1035 701 1115 760 vera
1141 695 1309 760 vocebula

265 812 378 871 rerum
403 805 595 882 emisimus;
620 803 699 888 quia
723 804 811 869 bona
836 803 946 868 aliena
972 804 1088 887 largiri
1115 802 1306 881 liberelitas,

262 916 430 981 malarum
449 921 564 981 rerum
583 913 726 980 audacia
744 913 912 980 fortitudo
932 919 1088 990 vocatur,
1110 918 1152 978 eo
1173 919 1226 978 res
1247 917 1308 996 pu-

263 1025 350 1090 blica
371 1025 405 1090 in
427 1029 585 1091 extremo
607 1023 672 1089 sita
695 1033 756 1089 est.
803 1022 880 1089 Sint
902 1028 994 1100 sene,
1017 1021 1183 1106 quoniam
1205 1021 1251 1087 ita
1273 1027 1309 1088 se

263 1141 377 1200 meres
408 1135 545 1212 habent,
578 1132 734 1198 liberales
766 1154 811 1198 ex
843 1131 1018 1197 socierum
1050 1131 1208 1209 fortunis,
1242 1131 1310 1196 sint

212 1267 245 1315 40
264 1243 500 1309 misericordes
522 1242 558 1308 in
580 1242 713 1308 iuribus
735 1247 843 1308 aerari
850 1263 857 1320 ;
881 1247 924 1306 ne
947 1241 994 1306 illi
1018 1239 1223 1325 sanguinem
1247 1262 1309 1305 no-

264 1363 373 1417 strum
401 1352 590 1437 largiantur
618 1362 663 1430 et,
692 1351 776 1417 dum
805 1357 922 1435 paucis
950 1351 1123 1416 sceleratis
1152 1359 1308 1434 parcunt,

263 1462 374 1528 bones
396 1469 508 1528 omnis
530 1461 703 1546 perditum
726 1470 814 1527 eant.

332 1569 462 1637 “Bene
482 1581 516 1637 et
537 1571 733 1655 composite
754 1569 792 1636 C.
815 1569 941 1636 Caesar
961 1569 1063 1653 paule
1085 1579 1165 1635 ante
1186 1567 1220 1634 in
1241 1569 1309 1636 hec

265 1681 384 1746 erdine
405 1680 447 1746 de
469 1686 539 1746 vite
560 1690 592 1746 et
613 1689 722 1746 morte
744 1678 911 1756 disseruit,
935 1678 1049 1756 crede,
1073 1677 1159 1742 falsa
1182 1684 1307 1744 existu-

212 1813 244 1862 45
264 1795 360 1854 mens
383 1811 421 1855 ea
444 1810 530 1872 quae
553 1789 595 1854 de
617 1787 737 1854 inferis
760 1797 1001 1865 memorantur,
1026 1787 1165 1852 divorse
1189 1787 1308 1852 itinere

264 1899 373 1966 males
398 1906 418 1965 e
444 1900 544 1965 bonis
570 1900 646 1965 loca
670 1909 789 1977 taetra,
817 1899 954 1976 inculta,
982 1897 1084 1964 foeda
1110 1907 1214 1981 atque
1241 1897 1308 1962 ior-

263 2008 434 2074 midulesa
468 2008 602 2074 habere.
662 2009 784 2092 Itaque
819 2007 953 2074 censuit
987 2006 1152 2091 pecunias
1187 2013 1309 2073 cerum

264 2117 496 2202 publicandas,
521 2119 615 2202 ipses
638 2139 699 2202 per
721 2117 910 2202 municipia
933 2117 967 2182 in
991 2116 1157 2183 custediis
1182 2116 1308 2182 haben-

263 2227 337 2306 des,
359 2227 520 2293 videlicet
541 2227 666 2292 timens
688 2233 742 2305 ne,
765 2233 792 2292 si
815 2227 950 2292 Romae
972 2227 1051 2304 sint,
1073 2236 1132 2292 aut
1155 2232 1176 2291 e
1197 2246 1308 2310 popu-

214 2361 245 2412 50
263 2335 389 2402 leribus
412 2336 660 2402 coniuretienis
682 2346 741 2402 aut
764 2342 784 2422 a
805 2336 1029 2402 multitudine
1052 2335 1225 2402 conductae
1247 2356 1309 2420 per
1328 2398 1330 2402 ,

262 2445 333 2510 vim
357 2445 552 2530 eripiantur.
602 2445 712 2530 Quasi
736 2452 819 2512 vero
844 2446 1052 2530 malintque
1077 2447 1210 2512 scelesti
1235 2456 1308 2512 tan-

263 2563 336 2620 tum
357 2554 459 2620 modo
481 2554 516 2619 in
536 2555 618 2621 urbe
639 2566 671 2622 et
691 2561 762 2620 non
783 2576 842 2640 per
862 2561 972 2621 tetam
993 2542 1127 2622 Italiam
1149 2555 1226 2636 sint,
1249 2565 1306 2622 aut

261 2669 332 2729 nen
350 2663 396 2730 ibi
413 2664 490 2747 plus
508 2665 616 2748 possit
634 2664 787 2743 audacia,
806 2665 865 2731 ubi
883 2665 926 2730 ad
945 2666 1204 2732 defendundum
1224 2673 1308 2750 opes

261 2772 412 2839 mineres
429 2784 518 2840 sunt.
562 2773 643 2858 Quat
659 2781 696 2840 re
712 2781 842 2840 vanum
860 2775 1022 2859 equidem
1040 2776 1107 2842 hec
1126 2776 1308 2843 censilium

214 2911 242 2960 55
262 2893 325 2961 est,
345 2889 373 2948 si
391 2883 582 2966 periculum
602 2905 646 2948 ex
666 2883 729 2948 illis
749 2884 887 2964 metuit;
907 2891 960 2950 sin
979 2885 1013 2950 in
1034 2892 1130 2952 tanto
1151 2885 1308 2952 omnium

263 2997 355 3056 metu
377 2991 470 3057 selus
490 2998 560 3056 nen
580 2991 686 3070 timet,
709 2998 750 3056 eo
770 2993 881 3079 magis
902 2993 1008 3059 refert
1027 3001 1083 3060 me
1103 2995 1185 3060 mihi
1207 3005 1307 3079 atque

262 3101 361 3167 vebis
381 3099 512 3167 timere.
558 3101 639 3185 Que
658 3108 695 3167 re
715 3123 795 3168 cum
816 3103 858 3168 de
880 3103 917 3169 P.
941 3103 1094 3170 Lentule
1116 3111 1308 3188 ceterisque

263 3210 431 3288 statuetis,
459 3217 523 3294 pre
551 3217 646 3277 certe
672 3211 836 3279 habetote
863 3219 926 3278 ves
954 3213 1056 3279 simul
1084 3213 1127 3280 de
1154 3213 1307 3279 exercitu

263 3319 430 3386 Catilinae
449 3329 482 3384 et
501 3319 544 3385 de
562 3321 725 3387 omnibus
744 3322 932 3388 coniuratis
952 3323 1144 3389 decernere.
1190 3322 1308 3406 Quan-

211 3447 244 3496 60
263 3434 300 3492 te
319 3434 382 3492 ves
399 3428 568 3494 adtentius
587 3451 626 3495 ea
644 3430 764 3516 agetiS,
784 3437 881 3497 tante
901 3431 966 3496 illis
985 3431 1118 3498 animus
1135 3431 1307 3497 infirmior

265 3537 343 3616 erit3
371 3544 399 3603 si
426 3538 605 3622 paululum
633 3540 741 3606 modo
769 3547 832 3606 ves
859 3540 1023 3626 languere
1051 3541 1210 3619 viderint,
1240 3542 1307 3606 iam

263 3653 385 3712 omnes
407 3646 539 3714 feroces
562 3647 717 3714 aderunt.

333 3755 353 3782 “
368 3755 485 3824 Nolite
501 3763 706 3825 existumere
722 3757 870 3824 maieres
886 3765 1022 3824 nostres
1039 3765 1142 3824 armis
1159 3781 1230 3824 rem
1246 3765 1307 3842 pu-

262 3863 382 3947 blicam
396 3886 439 3930 ex
452 3873 557 3967 parva
570 3873 730 3952 megnam
746 3865 875 3942 iecisse.
909 3867 1006 3940 Silta
1020 3874 1074 3934 res
1087 3877 1183 3954 esset,
1198 3867 1307 3939 multe
