3050 4522
246 334 283 380 12
437 333 519 385 THE
545 332 794 386 CONSPIRACY
820 333 870 386 OF
896 333 1087 386 CATILINE

194 541 222 592 15
242 511 384 578 huiusce
410 509 595 595 participes
620 511 764 590 nabiles,
790 517 879 595 quos
902 511 1014 596 magis
1039 511 1287 578 dominatianis

245 627 323 705 spes
352 621 558 686 hortabatur
587 642 693 705 quam
722 621 839 706 inopia
869 631 930 686 aut
960 622 1027 687 alia
1056 622 1286 688 necessitudo.

243 729 407 796 Ceterum
434 729 596 795 iuventus
625 730 800 814 pleraque,
829 729 888 796 sed
915 737 1080 796 maxume
1107 731 1287 808 nobilium,

245 839 415 906 Catilinae
435 840 583 922 inceptis
603 839 743 904 lavabat
751 861 759 918 ;
780 839 906 923 quibus
927 839 962 905 in
983 841 1059 905 otio
1080 842 1133 906 vel
1155 832 1287 927 magni-

244 949 308 1014 fica
327 950 381 1014 vel
402 949 553 1015 molliter
572 955 686 1014 vivere
706 935 810 1032 capia
828 959 914 1028 erat,
936 949 1068 1016 incerta
1088 954 1152 1035 prb
1174 957 1276 1016 certIs

192 1089 225 1126 20
244 1058 372 1124 bellum
393 1079 498 1142 quam
520 1063 641 1142 pacem
663 1058 850 1124 malabant.
899 1058 1010 1126 Fuere
1031 1060 1117 1124 item
1138 1067 1178 1127 ea
1201 1071 1289 1127 tem-

243 1172 371 1250 pestate
389 1172 446 1250 qui
465 1167 640 1232 crederent
661 1168 710 1232 M.
732 1167 901 1232 Licinium
922 1168 1083 1234 Crassum
1103 1175 1173 1234 m'm
1194 1169 1289 1254 igna-

245 1276 418 1342 rumeins
443 1275 566 1342 consili
589 1276 710 1355 luisse;
735 1277 816 1361 quia
842 1276 905 1343 Cn.
933 1278 1131 1363 Pompaius,
1158 1279 1289 1346 invisus

244 1385 317 1470 ipsi,
340 1392 508 1470 magnum
530 1385 724 1452 exercitum
746 1386 927 1466 ductabat,
950 1388 1101 1454 cuiusvis
1122 1395 1207 1473 opas
1228 1411 1289 1455 vo-

245 1494 348 1562 luisse
374 1501 496 1560 contra
521 1495 611 1560 illius
637 1497 833 1580 potentiam
859 1503 1025 1576 crescere,
1054 1497 1155 1562 simul
1182 1495 1289 1564 confi-

192 1628 222 1679 25
245 1625 332 1683 sum,
356 1611 384 1668 si
406 1603 604 1670 coniuratis)
625 1603 804 1684 valuisset,
827 1605 926 1672 lacile
950 1607 1043 1691 apud
1066 1607 1142 1672 illos
1167 1607 1290 1692 princi-

245 1734 324 1797 pem
341 1719 377 1778 se
393 1713 477 1778 lore.

314 1822 455 1888 XVIII.
479 1821 548 1889 Sed
568 1829 673 1888 antea
693 1823 778 1889 item
799 1823 1024 1891 coniuravere
1045 1831 1147 1909 pauci
1168 1831 1290 1890 contra

246 1953 319 1997 rem
346 1931 531 2017 publicam,
560 1932 595 1996 in
623 1938 699 2016 quis
728 1931 878 1998 Catilina
906 1932 987 2012 luit;
1016 1934 1058 1999 de
1087 1940 1155 2018 qua
1183 1954 1289 2019 quam

244 2040 459 2107 brevissuma
483 2047 606 2126 potero
631 2042 755 2107 dicam.
806 2041 845 2106 L.
872 2042 975 2108 Tullo
1001 2054 1036 2110 et
1063 2042 1124 2108 Μ’.
1152 2042 1289 2128 Lepido

245 2149 451 2227 cbnsulibus‚
480 2150 517 2214 P.
546 2150 738 2215 Autronius
765 2161 797 2216 et
825 2151 862 2215 Ρ.
894 2150 987 2217 Sulla
1014 2152 1183 2236 designati
1210 2157 1290 2217 con-

210 2261 332 2345 5sulas
363 2259 498 2344 legibus
530 2259 681 2325 ambitus
711 2259 919 2345 interrogati
950 2267 1080 2344 poenas
1111 2261 1287 2328 dederant.

247 2369 332 2436 Post
357 2370 462 2454 paulo
489 2367 639 2435 Catilina
664 2370 890 2454 pecuniarum
916 2371 1187 2454 repetundarum
1212 2391 1289 2437 reus

246 2479 440 2564 prohibitus
466 2489 539 2545 erat
566 2478 789 2544 consulatum
815 2487 942 2562 petere,
969 2480 1063 2564 quod
1089 2479 1180 2545 intra
1205 2478 1289 2564 legi-

242 2595 360 2654 tumos
377 2587 449 2654 dias
464 2587 621 2673 profitari
636 2594 848 2672 nequiverat.
890 2589 973 2653 Erat
990 2589 1115 2654 eodem
1130 2599 1289 2672 tempore

244 2697 306 2764 Cn.
324 2697 416 2776 Piso,
432 2696 637 2764 adulescens
652 2696 788 2779 nobiliS,
806 2717 962 2762 summae
977 2696 1153 2774 audaciae,
1171 2702 1288 2780 egens,

195 2832 226 2869 ιο
244 2807 421 2887 factibsus,
442 2828 545 2891 quem
567 2806 611 2872 ad
632 2806 907 2891 perturbandam
927 2827 1000 2871 rem
1021 2804 1195 2890 pablicam
1215 2804 1290 2870 ino-

243 2916 298 3001 pia
322 2926 429 3000 atque
454 2917 535 2981 mali
561 2921 676 2981 mares
703 2914 936 2980 stimulabant.
989 2913 1079 2979 Cum
1105 2913 1172 2978 hac
1199 2911 1289 2978 Cati·

243 3026 311 3091 lina
335 3036 368 3092 et
392 3025 586 3091 Autronius
609 3023 746 3091 circiter
769 3024 891 3089 Nonas
915 3023 1120 3088 Decembris
1145 3019 1289 3087 consilio

244 3134 491 3202 conmr'micato
516 3136 683 3220 parabant
710 3134 745 3199 in
773 3132 946 3218 Capitalia
974 3131 1140 3196 Kalendis
1166 3131 1290 3195 Ianua-

245 3245 301 3310 riis
322 3245 361 3310 L.
383 3244 531 3312 Cottam
551 3255 585 3311 et
606 3244 646 3309 L.
666 3244 887 3328 Torquatum
906 3242 1066 3307 causulas
1086 3238 1288 3316 interficere,

195 3379 224 3429 15
244 3354 308 3438 ipsi
324 3352 474 3419 fascibus
490 3359 667 3437 conreptis
685 3353 851 3417 Pisonem
868 3372 948 3416 cum
965 3348 1121 3415 exercitii
1138 3348 1182 3413 ad
1199 3344 1290 3413 obti-

244 3463 371 3528 nendas
389 3461 473 3526 duas
491 3461 677 3544 Hispanias
695 3460 837 3525 mittere.
881 3459 933 3523 Ea
952 3464 988 3522 re
1006 3456 1153 3542 cognita,
1173 3460 1290 3518 rursus

246 3571 281 3636 in
306 3572 427 3637 Nanas
452 3570 658 3637 Februarias
681 3570 864 3636 consilium
888 3567 1003 3634 caedis
1027 3564 1289 3632 transtulerant.

247 3681 323 3746 Iam
341 3691 416 3746 tum
434 3686 505 3745 non
525 3679 724 3744 consulibus
744 3679 861 3755 m0d0‚
882 3677 941 3743 sed
961 3676 1134 3761 plarisque
1153 3677 1291 3741 senato-

248 3790 341 3855 ribus
369 3787 558 3873 perniciem
586 3787 882 3853 machinabantur.
936 3784 1045 3868 Quod
1074 3789 1110 3848 ni
1139 3779 1290 3849 Catilina

195 3921 227 3962 20
246 3904 452 3968 maturasset
473 3903 536 3985 pro
558 3894 653 3965 cirria
673 3901 813 3983 signum
834 3893 936 3963 sociis
957 3892 1048 3970 dare,
1071 3897 1113 3961 eo
1135 3890 1190 3955 die
1212 3897 1291 3976 post
