3050 4522
382 367 464 422 THE
490 359 738 424 CONSPIRACY
763 367 814 422 OF
839 367 1031 422 CATILINE
1189 369 1227 436 19

182 549 292 632 ibique
311 549 418 614 multa
437 549 479 614 de
499 547 636 633 ignavia
656 555 775 614 eorum
794 557 931 632 questus
951 548 1048 614 docet
1068 555 1104 614 se
1125 549 1225 614 Man-

182 660 265 723 lium
287 657 505 742 praemisisse
527 660 671 726 adeam
692 657 953 724 multitudinem
975 679 1081 742 quarn
1103 658 1147 724 ad
1170 679 1225 724 ca-

181 768 310 851 piunda
327 789 423 833 arma
441 773 636 852 paraverat,
655 767 741 834 item
759 767 846 832 alios
864 767 899 832 in
918 767 984 834 alia
1003 768 1080 833 loca
1099 789 1225 852 oppor-
1246 799 1274 848 15

182 882 276 955 tuna,
302 883 362 961 qui
383 875 523 942 initium
544 876 624 942 belli
647 876 810 956 lacerent,
835 883 941 960 seque
964 876 1009 942 ad
1033 877 1225 942 exercitum

180 985 353 1070 proficisci
385 1007 522 1070 cupere,
555 991 584 1050 si
616 984 710 1071 prius
743 984 949 1052 Ciceronem
982 986 1225 1070 oppressisset;

180 1116 260 1161 eum
281 1101 351 1160 suIs
371 1095 523 1162 consiliis
543 1095 695 1160 multum
716 1093 865 1162 officere.

250 1203 431 1270 XXVIII.
456 1203 572 1290 Igitur
593 1203 786 1289 perterritis
807 1211 848 1271 ac
871 1203 1112 1271 dubitantibus
1135 1211 1225 1270 cete-

179 1319 223 1378 ris
246 1312 283 1379 C.
307 1312 489 1380 Cornelius
510 1335 615 1400 eques
638 1313 820 1380 Romanus
841 1335 985 1398 operam
1007 1335 1106 1380 suam
1128 1313 1225 1398 polli-

179 1423 280 1502 citus,
302 1433 337 1489 et
359 1445 438 1489 cum
459 1429 502 1490 eo
524 1423 564 1490 L.
586 1423 828 1508 Vargunteius
850 1429 990 1489 senator
1012 1421 1224 1489 constituere

178 1509 220 1597 ea'
249 1542 347 1599 nocte
379 1533 481 1616 paulo
512 1542 589 1617 post
621 1553 699 1598 curn
730 1537 870 1597 armatIs
901 1531 1094 1598 hominibus
1128 1537 1226 1597 sIcuti

176 1641 366 1707 salutatum
385 1642 526 1709 introire
545 1641 588 1709 ad
607 1641 814 1708 Ciceronem
832 1663 872 1707 ac
891 1641 935 1707 de
952 1641 1142 1725 improviso
1163 1641 1224 1706 do·
1244 1663 1257 1713 ε

177 1756 249 1816 mui
269 1772 349 1816 suae
370 1750 574 1835 imparatum
594 1750 789 1817 confodere.
836 1749 961 1816 Curius
982 1750 1039 1816 ubi
1061 1749 1225 1835 intellegit

178 1871 354 1945 quantum
377 1862 570 1945 periculum
595 1861 731 1927 consuli
755 1861 965 1944 impendeat,
991 1866 1137 1944 propere
1162 1881 1225 1944 per

176 1969 337 2035 Fulviam
356 1969 517 2036 Ciceroni
536 1969 657 2035 dolum
677 1973 737 2054 qui
756 1970 943 2054 parabitur
959 1969 1125 2034 enuntiat.
1171 1969 1224 2033 Ita

175 2079 224 2144 illi
238 2080 341 2144 ianua
356 2079 522 2164 prohibiti
537 2089 679 2146 tantum
694 2079 828 2145 lacinus
845 2079 973 2144 frustra
988 2084 1222 2162 susceperant.

249 2189 388 2254 interea
422 2188 574 2255 Manlius
607 2187 642 2253 in
678 2187 822 2253 Etruria
856 2188 993 2272 plebem
1028 2187 1222 2265 sollicitare,
1245 2212 1276 2249 ιο

176 2303 327 2382 egestate
350 2297 449 2362 simul
473 2318 512 2362 ac
534 2297 653 2363 dolore
675 2296 820 2363 iniuriae
841 2302 1007 2362 novarum
1031 2303 1145 2361 rerum
1168 2317 1224 2361 cu-

176 2407 303 2490 pidam,
329 2406 420 2490 quod
446 2405 561 2472 Sullae
585 2406 819 2472 dominatione
844 2411 948 2491 agros
973 2407 1128 2488 bonaque
1152 2425 1224 2472 om-

176 2515 234 2581 nia
265 2522 444 2595 amiseram
476 2522 654 2601 praeterea
687 2517 841 2581 latrones
875 2515 1042 2600 cuiusque
1076 2515 1223 2600 generis.

177 2631 328 2710 quorum
349 2625 384 2690 in
405 2631 445 2692 ea
466 2625 610 2710 regione
631 2631 760 2710 magna
782 2624 884 2709 eopia
906 2635 995 2703 erat;
1017 2631 1088 2690 non
1111 2624 1224 2690 nullos

177 2755 221 2798 ex
248 2733 396 2800 Sulla'anis
422 2734 575 2812 coloniis,
601 2734 723 2817 quibus
749 2734 865 2799 lubido
892 2744 992 2818 atque
1018 2733 1154 2799 luxuria
1180 2755 1224 2799 ex
1245 2758 1273 2810 15

175 2849 314 2928 magnis
333 2849 462 2927 rapinis
481 2843 564 2908 nihil
584 2843 707 2928 reliqui
726 2844 865 2909 lecerat.

249 2952 394 3017 XXIX.
423 2952 475 3018 Ea
501 2975 581 3018 cum
609 2951 770 3019 Ciceroni
797 2953 1053 3032 nuntiarentur,
1081 2951 1224 3038 ancipiti

178 3062 272 3127 malo
298 3067 490 3146 permotus,
518 3064 613 3146 quod
640 3084 753 3147 neque
779 3063 902 3128 urbem
927 3064 970 3128 ab
996 3063 1128 3128 insidiis
1155 3068 1224 3148 pri-

177 3177 262 3236 vati)
283 3170 432 3236 'ednsilio
456 3171 596 3256 longius
621 3178 711 3237 tueri
735 3183 875 3256 poterat
901 3193 1022 3256 neque,
1049 3170 1224 3239 exercitus

179 3280 289 3345 Manli
312 3290 463 3363 quantus
486 3291 547 3346 aut
570 3287 640 3366 qui)
664 3281 808 3347 consilio
831 3282 932 3361 foret,
957 3283 1042 3348 satis
1065 3283 1224 3366 ¹comper-

176 3398 252 3453 tum
271 3389 433 3469 habebat,
453 3411 526 3456 rem
545 3391 590 3456 ad
610 3398 770 3457 senatum
791 3391 894 3457 refert
914 3391 983 3458 iarn
1003 3399 1108 3458 antea
1127 3393 1224 3477 volgi
1244 3415 1256 3466 5

177 3498 376 3563 rumoribus
400 3499 631 3584 exagitatum.
680 3501 816 3585 Itaque,
841 3502 937 3586 quod
960 3503 1165 3587 plerumque
1188 3501 1223 3566 in

176 3613 290 3672 atroci
307 3608 455 3693 negotio
474 3610 575 3688 solet,
595 3617 736 3676 senatus
755 3611 918 3690 decrevit,
938 3613 1062 3678 darent
1081 3632 1223 3695 operam

175 3718 336 3783 consules
357 3724 401 3783 ne
422 3717 505 3801 quid
524 3724 578 3784 res
599 3719 736 3802 publica
757 3720 958 3786 detrimenti
978 3729 1125 3804 caperet.
1171 3720 1223 3784 Ea

178 3834 336 3910 potestas
372 3849 433 3912 per
469 3835 630 3894 senatum
666 3835 762 3894 more
801 3829 964 3895 Romano
1001 3829 1223 3915 magistratui

178 3941 341 4002 mixuma
375 3936 591 4021 permittitur,
626 3936 811 4003 exereitum
844 3945 974 4022 parare,
1008 3939 1132 4006 bellum
1167 3959 1223 4022 ge·
1244 3967 1275 4004 ιο
