3050 4522
386 357 469 410 THE
496 357 743 412 CONSPIRACY
768 359 819 412 OF
845 357 1036 412 CATILINE
1190 355 1229 422 25

189 539 281 617 dent,
306 538 417 603 males
439 538 626 617 extollunt,
650 549 770 604 vetera
793 537 908 618 edere,
932 559 1024 603 nova
1048 547 1230 622 exoptant,

188 646 268 712 odie
295 653 432 711 suarum
458 653 572 711 rerum
596 651 721 711 mutari
746 646 860 711 omnia
886 645 1031 724 student,
1057 647 1155 712 turbzi
1181 657 1231 713 at-

189 778 255 840 que
278 756 507 822 seditienibus
529 756 601 822 sine
624 761 706 821 cura
728 756 879 835 aluntur,
905 755 1071 840 quoniam
1094 763 1231 841 egestas

189 865 287 932 facile
314 865 463 931 habetur
488 865 561 930 sine
587 864 726 930 damne.
779 862 849 930 Sed
876 865 1008 930 urbena
1036 866 1162 949 plebes
1190 887 1231 933 ea

189 981 272 1039 vere
300 995 458 1058 praeceps
487 983 558 1038 erat
588 973 629 1038 de
658 974 773 1038 multis
803 979 921 1038 causis.
978 975 1130 1039 Primum
1160 995 1231 1040 om·
1252 1003 1283 1040 ιο

190 1084 295 1163 nium,
322 1091 380 1169 qui
406 1085 534 1168 ubique
559 1082 689 1167 probre
715 1093 822 1167 atque
849 1083 1041 1167 petulantie
1067 1090 1232 1150 maxume

187 1194 421 1277 praestabant,
442 1193 528 1259 item
546 1193 604 1258 alii
623 1214 683 1276 per
702 1192 874 1259 dedecora
894 1191 1111 1277 patrimeniis
1130 1193 1231 1259 aimis-

186 1309 241 1380 siS,
260 1309 438 1386 postreme
458 1307 580 1368 omnes
598 1307 687 1387 ques
706 1301 879 1386 flagitium
897 1313 956 1368 aut
975 1301 1106 1368 lacinus
1123 1303 1231 1368 dome

188 1413 372 1495 expulerat,
397 1418 427 1477 ei
452 1413 598 1477 Remam
624 1417 709 1476 sicut
735 1411 769 1475 in
794 1417 960 1476 sentinam
985 1411 1229 1477 centluxerant.

186 1521 318 1587 Deinde
347 1522 444 1586 multi
474 1527 641 1587 memores
673 1519 832 1586 Sullenae
863 1521 1035 1599 victeriae,
1067 1521 1158 1605 quod
1189 1542 1232 1586 ex
1252 1549 1281 1600 15

187 1630 353 1716 gregariis
377 1630 540 1696 militibus
565 1631 651 1695 alies
677 1636 852 1696 senatdres
877 1630 1047 1708 videbant,
1073 1631 1159 1695 alios
1185 1629 1231 1696 ita

188 1740 313 1806 divites
336 1750 375 1805 ut
400 1741 498 1825 regie
522 1746 618 1805 victir
642 1750 750 1824 atque
775 1741 872 1806 culte
897 1746 1050 1807 aetetem
1075 1750 1230 1824 agerent,

185 1848 248 1913 sibi
262 1849 420 1932 quisque,
433 1855 462 1914 si
475 1849 509 1913 in
523 1855 625 1915 armis
638 1849 737 1927 foret,
751 1872 797 1915 ex
809 1848 954 1915 victerie
967 1849 1049 1915 talia
1062 1849 1229 1933 sperabat.

186 1958 368 2024 Praeterea
392 1958 564 2036 iuventus
590 1979 679 2042 quae
705 1958 739 2023 in
764 1964 856 2043 agris
882 1978 1048 2023 manuum
1073 1958 1231 2024 mercede

185 2067 339 2150 inopiam
374 2068 592 2146 toleraverat,
629 2073 774 2152 privetis
810 2078 914 2151 atque
950 2066 1096 2151 publicis
1132 2067 1232 2151 largi·
1251 2097 1283 2136 ιο

185 2175 339 2242 tienibus
364 2177 477 2243 excita
502 2179 674 2243 urbanum
700 2177 812 2243 etium
839 2177 978 2262 ingrate>
1004 2176 1112 2241 laberi
1136 2196 1232 2259 prae-

187 2286 326 2352 tulerat.
370 2287 442 2352 Ees
459 2299 566 2372 atque
583 2287 669 2353 alies
687 2294 802 2353 omnis
820 2287 950 2352 malum
968 2287 1146 2371 publicum
1164 2286 1232 2352 ale-

186 2396 262 2474 bat;
280 2402 350 2480 que
369 2395 481 2462 minus
500 2398 697 2463 mirandum
717 2408 770 2462 est
790 2396 948 2461 homines
968 2403 1111 2481 egentis,
1133 2395 1232 2461 malis

186 2505 349 2582 meribus,
371 2511 533 2569 maixumai
555 2511 623 2589 spe,
645 2511 692 2570 rei
713 2505 867 2588 publicae
889 2505 986 2570 iuxte
1008 2527 1047 2570 ac
1068 2505 1129 2571 sibi
1152 2512 1232 2570 cen-

187 2613 338 2678 suluisse.
391 2614 568 2679 Praeterea}
593 2621 739 2698 querum
764 2614 909 2679 victerie
937 2613 1051 2680 Sullae
1076 2621 1231 2698 parentes
1250 2646 1281 2695 25

185 2729 381 2807 prescripti,
400 2723 493 2789 bona
511 2730 640 2808 erepta,
660 2724 712 2789 ius
730 2723 900 2789 libertatis
918 2723 1129 2789 inminutum
1147 2734 1231 2802 erat,

188 2832 282 2897 haud
310 2838 393 2898 sene
421 2832 489 2898 alib
516 2833 634 2898 anime
662 2833 742 2898 belli
770 2839 937 2899 eventum
966 2833 1229 2918 exspectabant.

187 2941 245 3006 Ad
271 2941 337 3006 hec
364 2948 574 3025 quIcumque
600 2941 745 3007 alierum
772 2953 881 3026 atque
908 2948 1050 3008 senatuis
1077 2941 1231 3027 partium

187 3061 294 3131 erant,
320 3051 521 3115 conturberi
546 3072 619 3117 rem
644 3052 819 3134 publicam
844 3073 950 3135 quam
976 3051 1089 3118 minus
1115 3053 1231 3118 valere

187 3159 253 3242 ipsi
278 3159 463 3224 malebant.
516 3159 557 3224 Id
583 3160 672 3224 adee
699 3161 831 3225 malum
856 3161 985 3226 multbs
1012 3172 1092 3246 post
1119 3169 1230 3228 annes
1251 3196 1284 3244 3⁰

185 3267 221 3332 in
240 3267 418 3332 civitatem
437 3278 637 3333 revorterat.

146 3381 150 3386 '
258 3375 477 3441 XXXVIII.
505 3377 597 3442 Nam
621 3388 809 3462 postquam
835 3377 897 3445 Cn.
925 3378 1094 3464 Pompeie
1119 3392 1153 3448 et
1180 3381 1229 3447 Μ.

187 3484 312 3550 Crasse
347 3485 542 3550 censulibus
576 3487 757 3552 tribunicia
793 3495 942 3572 potestas
979 3489 1134 3555 restituta
1170 3499 1229 3568 est,

185 3594 342 3660 homines
357 3595 600 3661 adulescentes
617 3618 789 3662 summam
806 3605 1019 3682 potestatem
1036 3606 1138 3679 nacti,
1157 3599 1231 3684 qui-

188 3704 252 3769 bus
282 3709 379 3769 aetas
409 3703 617 3789 animusque
647 3706 746 3772 lerex
778 3717 863 3784 erat,
896 3714 1041 3792 coepere
1072 3715 1230 3774 senetum

188 3812 405 3878 criminande
429 3813 566 3898 plebem
591 3815 781 3900 exagitare,
807 3816 885 3882 dein
911 3816 1097 3901 largiunde
1123 3827 1230 3902 atque
1251 3845 1264 3894 5

186 3921 409 4004 pollicitande
434 3922 545 4007 magis
570 3923 765 4002 incendere,
789 3924 837 3990 ita
862 3925 926 4008 ipsi
950 3926 1032 3990 clari
1054 3932 1230 4010 potentes-
