3050 4522
423 343 505 396 THE
532 343 781 396 CONSPIRACY
808 344 857 396 OF
883 345 1073 397 CATILINE
1230 347 1266 410 13

226 523 403 588 conditam
430 525 552 588 urbem
581 523 732 589 Remant
761 545 962 607 pessumum
991 524 1123 590 lacinus
1151 529 1266 609 patra-

225 643 301 697 tum
323 632 424 696 foret.
472 631 566 716 Quia
588 633 745 697 nendum
769 632 967 717 frequentes
991 639 1117 698 armati
1141 639 1267 699 conve-

224 751 355 819 nerant,
378 762 417 806 ea
437 747 490 806 res
511 741 694 806 censilium
715 741 863 807 diremit.

293 849 397 915 XIX.
418 849 547 916 Postea
566 850 648 915 Pisi)
666 850 701 915 in
719 849 917 917 citerierem
937 850 1146 936 Hispiniam
1164 872 1268 937 quae-

225 970 300 1028 stor
318 965 383 1043 pre
404 966 565 1044 praetere
587 959 711 1024 missus
733 971 786 1026 est
809 960 989 1027 adnitente
1012 960 1149 1040 Crasse,
1173 959 1267 1045 quod

225 1090 307 1150 eum
335 1068 500 1134 infestum
535 1067 709 1134 inimicum
746 1067 807 1135 Cn.
847 1069 1012 1153 Pompeie
1048 1075 1266 1153 cogneverat.

225 1177 348 1262 Neque
379 1188 498 1244 tamen
529 1185 670 1244 senatus
701 1178 916 1263 previnciam
947 1179 1077 1244 invitus
1108 1178 1268 1256 dederat;

224 1287 351 1372 quippe
369 1287 510 1353 loedum
528 1287 706 1354 hominem
723 1294 744 1353 a
762 1294 799 1353 re
816 1288 954 1372 publica
972 1289 1094 1372 procul
1113 1309 1188 1354 esse
1207 1308 1268 1352 vo·
1287 1305 1301 1356 5

226 1397 329 1475 lebat,
357 1396 458 1462 simul
485 1397 566 1481 quia
592 1397 676 1461 boni
703 1397 899 1482 compleres
926 1396 1136 1482 praesidium
1162 1396 1197 1462 in
1225 1401 1267 1462 ee

222 1505 401 1588 putebant,
428 1516 462 1571 et
489 1505 557 1570 iam
584 1516 660 1571 tum
687 1505 844 1590 potentia
869 1505 1017 1589 Pompei
1043 1504 1267 1570 formidulesa

225 1624 308 1680 erat.
353 1614 421 1680 Sed
438 1614 466 1680 is
485 1614 567 1680 Pisd
585 1615 619 1680 in
637 1615 815 1700 previncia
832 1616 876 1680 ab
895 1613 1070 1699 equitibus
1089 1614 1267 1697 Hispanis,

226 1729 313 1808 ques
340 1723 374 1787 in
401 1723 558 1789 exercitu
585 1724 763 1803 ductebat,
791 1723 857 1789 iter
883 1723 1013 1789 iaciens
1040 1729 1176 1788 occisus
1202 1732 1266 1789 est.

225 1832 312 1898 Sunt
343 1838 400 1916 qui
431 1831 478 1897 ita
509 1833 635 1910 dIcunt‚
667 1831 808 1915 imperia
839 1832 912 1898 eius
945 1830 1081 1910 iniusta,
1114 1831 1266 1914 superba,
1288 1857 1320 1893 10

225 1941 376 2008 crudelia
397 1942 564 2008 barbares
586 1942 781 2027 nequivisse
804 1949 877 2027 pati
884 1964 892 2020 ;
914 1941 971 2007 alii
993 1951 1112 2008 autem
1134 1941 1267 2026 equites

224 2050 311 2128 illes,
336 2049 397 2116 Cn.
425 2051 566 2135 Pompei
590 2057 721 2116 veteres
747 2050 905 2134 fidesque
928 2051 1068 2128 clientis
1094 2051 1268 2115 voluntate

223 2160 296 2225 eius
316 2159 480 2226 Pisenem
499 2161 702 2244 adgress6s;
721 2182 914 2245 numquam
935 2161 1114 2244 Hispaniis
1133 2169 1268 2245 praete-

225 2275 279 2334 ree
298 2268 365 2334 tale
385 2267 516 2334 lacinus
537 2267 667 2347 iecisse,
688 2268 747 2334 sed
766 2268 906 2353 imperia
926 2290 1026 2334 saeva
1045 2268 1152 2334 multa
1170 2273 1268 2333 antea

139 2421 141 2428 ,
224 2385 414 2464 perpesses
459 2379 534 2444 Nes
553 2401 630 2445 eam
648 2401 720 2444 rem
738 2378 772 2443 in
791 2378 907 2444 medie
925 2379 1168 2463 relinquemus,
1212 2377 1268 2443 De
1288 2403 1318 2454 15

225 2487 400 2572 superiere
424 2487 666 2554 coniuratione
692 2488 776 2553 satis
801 2487 944 2554 dictum.

294 2595 378 2661 XX.
400 2595 560 2675 Catilina,
581 2597 640 2661 ubi
660 2603 720 2662 ees
740 2603 828 2681 ques
849 2597 954 2681 paule
974 2607 1055 2662 ante
1075 2601 1268 2663 memoravi

225 2704 426 2771 convenisse
451 2705 556 2784 videt,
582 2711 726 2770 tametsi
751 2727 831 2771 cum
857 2705 1003 2790 singulis
1029 2706 1137 2771 multa
1164 2727 1266 2790 saepe

223 2821 349 2898 egerat,
368 2823 482 2880 tamen
501 2813 535 2877 in
555 2835 626 2879 rem
647 2813 722 2880 iore
740 2813 881 2878 credens
902 2813 1080 2878 universes
1100 2814 1268 2897 adpellare

223 2935 255 2988 et
275 2924 461 3002 cohortari,
481 2923 515 2987 in
534 2922 686 2988 abditam
703 2933 837 3007 partem
856 2923 994 2988 aedium
1015 2923 1145 2988 secedit
1163 2932 1266 3006 atque

222 3033 267 3098 ibi
285 3033 446 3099 omnibus
465 3031 604 3098 arbitris
622 3033 743 3117 procul
761 3038 889 3097 emetis
908 3031 1105 3099 <irationem
1124 3031 1267 3097 huiusce
1286 3050 1299 3101 5

225 3144 318 3208 modi
336 3142 474 3208 habuit:
624 3139 626 3144 ’

291 3250 372 3316 “Ni
396 3250 504 3316 virtus
529 3250 685 3334 fidesque
709 3261 828 3316 vostra
853 3257 1008 3334 spectata
1033 3251 1117 3315 mihi
1142 3250 1266 3328 forent,

222 3365 432 3443 nequiquam
467 3366 664 3443 opportuna
698 3367 751 3425 res
787 3360 979 3438 cecidisset;
1016 3367 1094 3443 spes
1129 3367 1267 3444 magna,

221 3469 412 3534 dominetic‘)
431 3469 466 3534 in
485 3469 644 3534 manibus
663 3470 788 3534 lnistra
807 3470 965 3547 luissent;
986 3491 1098 3552 neque
1120 3491 1188 3553 ego
1208 3491 1269 3553 per

224 3577 396 3663 ignaviam
423 3589 481 3643 aut
508 3585 596 3643 vana
622 3578 759 3662 ingenia
786 3578 912 3644 incerta
938 3584 1001 3662 pri>
1029 3585 1128 3644 certis
1155 3585 1266 3662 capta·
1287 3601 1319 3636 10

223 3708 303 3753 rem.
353 3687 421 3754 Sed
446 3688 526 3771 quia
550 3689 668 3752 multis
693 3698 726 3752 et
750 3694 887 3772 magnis
912 3688 1180 3771 tempestatibus
1205 3694 1267 3753 ves

224 3803 369 3881 cognevi
401 3796 500 3862 fortis
533 3795 691 3879 fidesque
722 3796 815 3873 mihi,
848 3803 889 3861 ee
921 3797 1054 3862 animus
1084 3819 1186 3863 ausus
1217 3805 1266 3861 est

222 3912 427 3970 maxumum
467 3916 571 3989 atque
611 3905 894 3988 pulcherrumum
934 3905 1066 3972 lacinus
1106 3906 1266 3990 incipere,
