3050 4522
245 343 283 404 14
435 342 532 394 THE.
545 341 793 394 CONSPIRACY
820 340 869 392 OF
895 338 1084 392 CATILINE

239 522 340 587 simul
358 521 439 604 quia
456 521 555 586 vobis
574 521 694 586 eadem
714 541 801 603 quae
821 520 905 584 mihi
924 520 1015 599 bona
1033 520 1191 602 malaque
1212 539 1285 583 esse

192 653 220 701 15
238 631 392 696 intellexi
399 653 407 708 ;
424 651 503 694 nam
521 629 612 694 idem
631 630 716 694 velle
734 640 837 711 atque
856 628 948 694 idem
967 629 1069 705 nolle,
1088 650 1128 692 ea
1144 628 1285 691 demum

240 739 338 803 firma
357 738 506 803 amicitia
527 749 587 804 est.
634 737 702 804 Sed
723 760 791 821 ego
812 759 900 820 quae
922 747 1040 803 mente
1062 737 1192 820 agitavi
1213 757 1286 800 om-

240 854 299 913 nes
318 848 385 912 iam
404 854 505 912 antei
524 848 653 912 divorsi
672 846 824 912 audistis.
870 845 1035 912 Ceterum
1056 845 1139 909 mihi
1160 845 1194 909 in
1215 844 1286 909 dies

239 957 349 1041 magis
368 957 503 1024 animus
522 956 731 1034 accenditur,
753 976 833 1020 curn
854 955 1036 1020 considero
1057 977 1147 1039 quae
1168 953 1286 1020 condi-

242 1065 295 1130 cio
322 1072 411 1132 vitae
438 1065 553 1130 futura
579 1066 633 1144 sit,
661 1064 725 1129 nisi
752 1071 890 1130 nosmet
917 1064 982 1148 ipsi
1009 1063 1224 1129 vindicamus
1252 1063 1286 1127 in

191 1202 223 1238 20
240 1175 442 1241 libertatem.
489 1175 580 1240 Nam
601 1185 788 1259 postquam
809 1181 862 1240 res
883 1173 1019 1258 publica
1040 1173 1074 1238 in
1096 1179 1285 1256 paucorum

241 1284 437 1367 potentium
460 1284 511 1349 itis
532 1295 638 1368 atque
662 1284 835 1350 dicionem
859 1282 1040 1360 concessit,
1064 1302 1201 1365 semper
1223 1282 1287 1346 illis

240 1399 348 1477 reges
369 1394 561 1459 tetrarchae
580 1394 769 1477 vectigales
790 1414 876 1472 esse,
897 1393 1028 1476 populi,
1049 1391 1208 1456 nationes
1229 1396 1286 1456 sti-

243 1501 363 1586 pendia
390 1503 551 1586 pendere;
578 1508 681 1567 ceteri
708 1509 838 1580 omnes
867 1507 1006 1580 strenui,
1034 1500 1125 1578 mali,
1154 1499 1285 1565 nobiles

242 1621 341 1695 atque
354 1611 533 1695 ignobiles,
549 1612 671 1696 volgus
686 1611 815 1677 fuimus
830 1611 902 1676 sine
916 1609 1038 1696 gratia,
1055 1609 1126 1675 sine
1140 1607 1286 1674 auctori-

191 1749 221 1798 25
240 1727 321 1798 tate,
335 1727 383 1786 eis
396 1720 542 1786 obnoxii
553 1720 690 1804 quibus
702 1727 731 1786 si
743 1727 796 1812 res
810 1719 947 1804 publica
958 1720 1098 1797 valeret,
1111 1717 1284 1783 formidini

240 1835 401 1894 essemus.
447 1830 570 1912 Itaque
591 1829 704 1895 omnis
724 1829 845 1914 gratia,
867 1827 1036 1913 potentia,
1058 1828 1181 1905 honos,
1203 1825 1287 1891 divi-

239 1937 304 2003 tiae
322 1937 413 2021 apud
432 1937 508 2004 illos
526 1949 607 2004 sunt
624 1949 683 2004 aut
701 1939 761 2004 ubi
778 1937 827 2004 illi
843 1938 967 2004 volunt
974 1960 982 2016 ;
1001 1937 1102 2002 nobis
1121 1936 1286 2020 reIIquere

241 2048 401 2131 pericula,
434 2048 599 2131 repulsas,
633 2047 769 2126 iudicia,
802 2053 1007 2134 egestatem.
1066 2045 1167 2130 Quae
1201 2050 1286 2129 quo-

240 2161 348 2239 usque
381 2155 523 2222 tandem
556 2155 744 2239 patiemini,
778 2178 800 2222 o
833 2155 1023 2220 fortissumi
1055 2154 1138 2219 viri?
1172 2159 1286 2217 nonne

190 2293 223 2340 30
239 2271 347 2330 emori
377 2285 438 2347 per
467 2265 631 2331 virtutem
662 2276 822 2349 praestat,
854 2286 958 2350 quam
989 2271 1095 2330 vitam
1126 2263 1286 2328 miseram

239 2383 341 2457 atque
361 2374 593 2452 inhonestam,
614 2375 672 2439 ubi
692 2375 821 2440 alienae
842 2374 1024 2459 superbiae
1045 2371 1194 2436 ludibrio
1214 2371 1286 2435 fue-

243 2482 299 2560 ris,
325 2504 383 2567 per
408 2483 553 2548 dedecus
578 2483 779 2549 admittere?
827 2483 960 2549 Verum
985 2481 1076 2548 enirn
1101 2486 1195 2558 vero,
1222 2485 1284 2563 pro

240 2591 343 2657 deum
371 2603 474 2676 atque
502 2591 685 2658 hominum
713 2592 829 2671 fidem,
855 2591 1001 2658 victoria
1025 2591 1060 2656 in
1088 2595 1192 2655 manu
1220 2597 1284 2665 est;

241 2700 335 2784 viget
366 2707 469 2779 aetas,
501 2700 635 2766 animus
666 2702 773 2780 valet;
806 2707 927 2766 contra
959 2701 1022 2766 illis
1053 2705 1150 2765 annis
1182 2709 1286 2781 atquc

190 2831 220 2880 35
240 2809 367 2875 divitiis
387 2809 503 2876 omnia
524 2816 792 2876 consenuerunt.
839 2809 993 2875 Tantum
1015 2809 1123 2874 modo
1146 2808 1286 2891 incepto

241 2939 330 3002 opus
356 2929 417 2996 est,
444 2925 558 2984 cetera
582 2925 636 2983 res
663 2918 834 3002 expediet.
888 2919 1029 2984 Etenim
1056 2917 1132 3002 quis
1159 2923 1286 2982 morta-

238 3026 333 3105 lium,
352 3027 406 3092 cui
424 3027 519 3094 virile
537 3027 717 3112 ingenium
736 3039 798 3106 est,
817 3028 964 3094 tolerare
982 3037 1101 3111 potest
1120 3025 1184 3092 illis
1203 3025 1286 3091 divi-

240 3135 304 3201 tias
326 3143 486 3219 superare
508 3143 594 3220 quas
616 3137 828 3221 profundant
850 3137 884 3202 in
907 3136 1120 3202 exstruendo
1143 3142 1228 3201 mari
1252 3145 1286 3200 et

241 3244 419 3309 montibus
447 3246 691 3328 coaequandis
721 3247 821 3312 nobis
850 3268 923 3312 rem
952 3245 1153 3312 familiarem
1183 3244 1285 3310 etiam

189 3381 223 3429 40
240 3353 282 3418 ad
307 3354 497 3419 necessaria
522 3355 660 3420 deesse?
684 3355 760 3421 illos
784 3357 882 3421 binas
906 3366 966 3421 aut
990 3354 1137 3438 amplius
1161 3352 1285 3418 domos

241 3462 454 3541 continuare,
484 3464 583 3528 nobis
613 3465 717 3531 larem
746 3466 948 3531 familiarem
977 3471 1148 3548 nusquam
1178 3463 1286 3528 ullum

242 3570 337 3636 esse?
388 3570 477 3637 Cum
504 3572 649 3651 tabulas,
677 3580 787 3658 signa,
815 3585 1009 3640 toreumata
1037 3583 1168 3650 emunt,
1197 3592 1287 3637 nova

240 3680 390 3757 diruunt,
412 3681 476 3746 alia
496 3681 688 3760 aedificant,
710 3690 889 3766 postremo
912 3683 1073 3749 omnibus
1095 3682 1208 3748 modis
1230 3703 1287 3764 pe·

243 3788 377 3855 cuniam
401 3789 550 3868 trahunt,
574 3800 710 3869 vexant,
734 3802 847 3857 tamen
873 3798 1005 3856 summa
1029 3791 1177 3856 lubidine
1202 3789 1286 3854 divi-

190 3927 221 3977 45
240 3897 304 3963 tias
320 3903 399 3963 suas
414 3898 552 3965 vincere
567 3910 757 3984 nequeunt.
799 3901 847 3966 At
863 3901 964 3966 nobis
981 3910 1031 3966 est
1048 3899 1144 3964 domi
1160 3897 1287 3982 inopia,
