3050 4522
308 330 345 391 18
497 343 579 396 THE
606 345 855 397 CONSPIRACY
881 345 930 397 OF
956 345 1145 397 CATILINE

306 523 422 588 iocum
449 531 599 602 movere,
629 531 788 590 sermdne
816 531 868 588 uti
896 526 949 590 vel
972 525 1139 596 ,modeste
1167 525 1221 589 vel
1249 525 1343 589 molli

255 660 283 708 15
304 633 358 697 vel
378 638 515 716 procaci
522 653 529 709 ;
549 638 690 716 prursus
710 634 842 698 multae
862 633 1008 699 facetiae
1029 633 1227 716 multusque
1247 633 1344 716 lepus

303 740 446 807 inerant.

374 849 514 916 XXVI.
552 850 619 916 His
654 850 757 916 rebus
792 850 1012 942 comparatis,
1050 849 1201 917 Catilina
1236 850 1343 916 nihile

305 959 417 1024 minus
450 958 486 1023 in
520 980 733 1043 proxumum
767 981 898 1025 annum
933 961 1155 1025 cunsuletum
1189 960 1343 1044 petebat,

305 1074 455 1151 sperans,
485 1074 513 1133 si
540 1068 742 1152 designatus
769 1069 869 1147 foret,
898 1068 996 1134 facile
1024 1075 1060 1134 se
1088 1091 1133 1135 ex
1159 1070 1343 1134 voluntate

304 1176 461 1241 Antuniu
488 1182 641 1241 usurum.
695 1177 819 1261 Neque
845 1177 979 1242 interea
1006 1177 1144 1261 quietus
1172 1187 1255 1259 erat,
1284 1177 1343 1242 sed

269 1305 282 1353 5
302 1285 462 1350 omnibus
482 1285 594 1350 modis
612 1286 754 1351 insidias
773 1286 918 1370 parabat
939 1285 1107 1352 Ciceruni.
1154 1287 1277 1371 Neque
1296 1286 1344 1350 illi

304 1404 423 1460 tamen
458 1394 502 1459 ad
537 1396 732 1460 cavendum
768 1395 869 1461 dolus
905 1405 966 1461 aut
1001 1396 1153 1462 astutiae
1190 1396 1342 1462 deerant.

304 1503 464 1586 Namque
485 1509 505 1568 ai
527 1503 696 1587 principie
720 1506 920 1571 cunsulatus
943 1511 995 1570 sui
1017 1505 1125 1571 multa
1148 1504 1345 1589 pollicendu

303 1631 361 1695 per
390 1611 545 1676 Fulviam
573 1610 742 1690 effecerat,
772 1621 810 1677 ut
837 1612 879 1696 Q.
910 1611 1045 1690 Curius,
1075 1613 1117 1677 de
1145 1619 1212 1696 qud
1241 1612 1343 1696 paulu

302 1732 381 1788 ante
403 1727 606 1799 memoravi,
629 1721 770 1786 censilia
794 1721 959 1788 Catilinae
983 1722 1046 1787 sibi
1069 1722 1241 1806 proderet.
1288 1720 1345 1786 Ad

254 1859 284 1895 10
302 1831 368 1896 huc
396 1831 579 1914 conlegam
606 1851 708 1894 suum
737 1829 933 1895 Antunium
962 1829 1121 1914 pactiune
1149 1829 1345 1914 pruvinciae

302 1939 507 2022 perpulerat,
529 1945 574 2004 ne
596 1945 720 2004 contra
742 1960 815 2004 rem
838 1938 1012 2023 publicam
1036 1945 1192 2017 sentiret;
1216 1938 1345 2004 circum

303 2053 338 2113 se
359 2047 528 2132 praesidia
548 2054 741 2113 amicerum
760 2058 864 2131 atque
887 2046 1063 2113 clientium
1085 2047 1222 2112 occulte
1243 2047 1346 2111 habe-

301 2157 369 2222 bat.
423 2157 614 2241 Postquam
644 2156 716 2222 dies
743 2155 965 2221 comitiurum
993 2155 1087 2221 venit
1116 2165 1150 2221 et
1179 2154 1345 2221 Catilinae

303 2286 409 2348 neque
433 2265 552 2348 petitis>
577 2286 685 2348 neque
709 2264 862 2343 insidiae,
888 2270 972 2348 ques
999 2263 1033 2328 in
1059 2269 1179 2346 campe
1207 2261 1342 2339 fecerat,

254 2403 283 2454 15
304 2380 464 2458 prespere
488 2379 627 2451 cessere,
651 2372 828 2438 cunstituit
851 2373 975 2438 bellum
1001 2372 1112 2438 facere
1136 2381 1168 2438 et
1193 2377 1346 2438 extrema

302 2483 418 2549 omnia
447 2489 605 2567 experiri,
636 2483 801 2567 quoniam
830 2504 919 2567 quae
950 2483 1087 2549 occulte
1116 2487 1345 2565 temptaverat

302 2612 422 2676 aspera
438 2591 608 2676 foedaque
623 2598 819 2658 evenerant.

374 2700 535 2766 XXVII.
567 2700 681 2785 Igitur
711 2699 748 2767 C.
780 2701 953 2766 Manlium
982 2699 1147 2766 Faesulas
1176 2709 1281 2783 atque
1310 2696 1345 2763 in

305 2831 382 2876 eam
406 2820 542 2894 partem
569 2809 742 2888 Etruriae,
769 2809 978 2893 Septimium
1004 2809 1180 2894 quendam
1207 2807 1346 2874 Camer-

302 2929 373 2986 tem
388 2918 422 2984 in
438 2940 562 3004 agrum
578 2919 755 2997 Picenum,
774 2917 811 2984 C.
830 2918 958 2984 Iulium
974 2918 1008 2982 in
1024 2916 1189 3001 Apuliam
1206 2915 1344 2995 dimisit,

304 3034 483 3113 praeterea
505 3027 611 3094 alium
635 3028 713 3106 aliu,
738 3049 842 3112 quem
865 3028 994 3110 ubique
1019 3031 1259 3110 opportunum
1283 3022 1346 3090 sibi

269 3165 283 3217 5
305 3137 379 3203 iore
406 3137 576 3203 credebat.
629 3137 767 3203 Intereat
793 3137 929 3202 Rumae
955 3136 1065 3201 multa
1092 3135 1192 3200 simul
1219 3133 1346 3199 moliri:

302 3246 442 3311 insidiis
463 3247 616 3324 tendere,
638 3252 761 3330 parare
782 3245 951 3324 incendia,
974 3250 1174 3329 opportuna
1196 3243 1272 3308 loca
1294 3263 1347 3307 ar-

305 3361 408 3420 matis
433 3354 630 3420 hominibus
655 3354 828 3434 obsidere;
852 3354 925 3439 ipse
949 3376 1029 3420 cum
1055 3355 1127 3420 teli)
1153 3374 1236 3432 esse,
1263 3351 1346 3417 item

305 3463 391 3529 alius
412 3463 538 3544 iubere,
561 3464 692 3529 horturi
713 3471 766 3529 uti
787 3486 923 3548 semper
944 3463 1072 3529 intenti
1094 3467 1273 3546 paratique
1295 3482 1347 3526 es-

305 3582 398 3651 sent;
419 3573 490 3638 dies
511 3579 692 3657 noctIsque
714 3574 887 3653 festinare,
910 3572 1064 3657 vigilare,
1086 3592 1198 3655 neque
1219 3576 1347 3634 insom-

256 3715 287 3752 ιο
305 3682 369 3746 niis
387 3703 499 3765 neque
517 3682 636 3748 labere
655 3682 803 3766 fatigari.
849 3682 1044 3760 Postremi),
1065 3679 1124 3745 ubi
1144 3680 1254 3743 multa
1274 3677 1348 3762 agi-

304 3797 394 3856 tanti
412 3790 494 3855 nihil
514 3790 679 3873 precedit,
701 3797 817 3856 rursus
836 3790 1046 3874 intempeste
1065 3799 1169 3853 nocte
1189 3786 1348 3852 coniure-

304 3897 407 3966 tiunis
436 3898 607 3982 principes
637 3909 808 3964 convocat
837 3899 879 3964 ad
910 3898 960 3964 M.
993 3887 1157 3962 Porcium
1188 3895 1346 3972 Laecam,
