3050 4522
289 317 331 381 30
482 315 565 369 THE
591 316 839 372 CONSPIRACY
865 316 915 372 OF
941 315 1133 386 CATILINE

292 495 331 560 L.
358 495 499 561 Valerio
526 495 653 562 Flacco
679 507 714 562 et
742 496 780 562 C.
808 497 999 581 Pomptino
1015 498 1244 582 praetoribus
1269 495 1331 562 im-

291 615 388 689 perat
415 615 454 670 ut
481 605 516 669 in
543 615 651 689 ponte
679 606 815 671 Mulvio
842 629 903 690 per
928 607 1069 672 insidiis
1096 606 1331 692 Allobrogum

255 713 476 788 scomitfttr'rs
507 714 784 797 deprehendant3
816 737 889 782 rem
920 737 1060 780 omnem
1092 716 1203 800 aperit
1235 716 1332 782 cuius

290 824 406 910 gratia
436 823 681 902 mittebantur;
711 831 836 903 cetera,
867 831 920 890 uti
951 825 1047 890 facto
1078 847 1168 910 opus
1199 825 1253 906 sit,
1283 826 1331 892 ita

290 944 409 1018 agant,
441 932 623 1017 permittit.
680 933 743 1013 Illi,
776 933 933 998 homines
965 925 1140 1016 militares,
1174 934 1247 1002 sine
1278 945 1332 1001 tu-

291 1043 404 1108 multu
432 1042 611 1127 praesidfis
640 1043 832 1108 conlocatis
861 1049 964 1108 sicuti
992 1054 1219 1128 praeceptum
1248 1053 1330 1122 erat,

291 1153 427 1217 occulte
450 1162 598 1236 pontem
621 1151 798 1217 obsidunt.
849 1152 1042 1237 Postquam
1067 1154 1111 1219 ad
1136 1153 1170 1219 id
1195 1155 1262 1219 loci
1286 1153 1332 1218 le-

239 1287 270 1324 ιο
289 1267 364 1345 gatti
385 1282 465 1326 cum
486 1261 673 1326 Volturcio
694 1267 863 1327 venerunt
885 1273 920 1328 et
943 1263 1044 1328 simul
1065 1263 1242 1346 utrimque
1265 1263 1332 1328 clal-

289 1390 364 1434 mor
397 1379 535 1434 exortus
568 1379 629 1447 est,
664 1369 762 1449 Galli,
798 1371 865 1436 cito
898 1371 1037 1455 cognito
1071 1371 1226 1449 consilio,
1262 1371 1333 1436 sine

290 1486 387 1544 morit
409 1480 625 1564 praetoribus
648 1486 686 1546 se
708 1481 861 1546 tradunt.
911 1480 1114 1546 Volturcius
1138 1487 1249 1566 primo
1274 1501 1332 1546 co-

290 1589 452 1654 horta‘ttus
482 1595 617 1655 ceteros
647 1589 766 1674 gladio
797 1596 834 1654 se
862 1596 883 1655 ἐι
912 1589 1137 1655 multitfidine
1167 1587 1330 1667 defendit,

291 1697 415 1764 deinde
436 1697 494 1764 ubi
515 1704 535 1763 ἐι
555 1700 680 1784 legitis
702 1699 860 1764 desertus
882 1710 943 1778 est,
966 1699 1077 1764 multa
1099 1699 1192 1783 prius
1215 1699 1258 1764 de
1280 1719 1332 1764 sa-

239 1824 268 1874 15
289 1807 363 1874 lute
383 1813 445 1872 suit
467 1807 697 1892 Pomptinum
718 1809 928 1886 obtestatus,
950 1809 1045 1892 quod
1068 1814 1098 1874 ei
1119 1814 1224 1873 ubtus
1247 1817 1330 1886 erat,

288 1922 462 2000 postremo
479 1916 620 1981 timidus
638 1937 677 1982 ac
693 1923 783 1983 vitae
801 1916 962 1982 diffidens
980 1917 1071 1982 velut
1088 1916 1241 1982 hostibus
1259 1921 1334 1982 sese

290 2026 510 2110 praetoribus
533 2026 637 2093 dedit.

358 2135 492 2202 XLVI.
513 2135 651 2220 Quibus
668 2135 770 2202 rebus
788 2135 957 2202 confectis
975 2135 1092 2201 omnia
1110 2141 1256 2220 propere
1274 2156 1333 2219 per

291 2245 434 2310 nuntios
460 2245 595 2310 consuli
621 2245 851 2310 declarantur.
902 2245 951 2310 At
977 2245 1073 2310 illum
1099 2245 1222 2328 ingens
1249 2250 1332 2308 cura

291 2365 398 2439 atque
422 2354 553 2420 laetitia
577 2354 679 2420 simul
703 2361 918 2438 occupavere
926 2376 933 2432 ;
958 2375 1039 2418 nam
1063 2353 1260 2418 laetabatur
1282 2351 1333 2417 in-

292 2464 460 2549 tellegens
489 2463 731 2529 coniuratione
759 2463 937 2548 patefacti
965 2464 1143 2528 civitatem
1172 2461 1333 2546 pericuIIs

256 2577 446 2657 §ereptam
473 2594 557 2652 esse,
584 2579 688 2656 porro
714 2583 832 2638 autem
858 2572 983 2637 anxius
1009 2582 1082 2637 erat
1108 2571 1272 2636 dubitz'ms
1297 2570 1332 2635 in

289 2687 452 2746 mr'txumr')
475 2681 607 2758 scelere,
629 2687 733 2746 tantis
756 2681 884 2746 ciuibus
908 2681 1134 2762 deprehensis,
1158 2679 1240 2763 quid
1263 2677 1332 2744 fac-

292 2798 331 2858 to
355 2813 442 2876 opus
466 2801 572 2869 esset;
596 2812 745 2876 poenam
768 2791 906 2855 illorum
930 2789 993 2855 sibi
1017 2795 1122 2867 oneri,
1146 2787 1333 2872 impunita—

292 2911 365 2967 tem
393 2901 594 2985 perdundae
623 2906 672 2965 rei
700 2899 859 2983 publicae
887 2899 959 2964 fore
989 2898 1163 2993 credebat.
1218 2897 1333 2982 Igitur

293 3010 501 3075 confirmato
531 3008 648 3075 animo
678 3014 795 3074 vocari
824 3009 869 3073 ad
900 3013 973 3073 sese
1003 3006 1099 3073 iubet
1131 3006 1332 3084 Lentulum,

241 3140 272 3176 10
291 3119 499 3203 Cethegum,
521 3117 710 3196 Statilium,
733 3116 930 3195 Gabinium,
953 3117 1105 3200 itemque
1127 3111 1333 3199 Caeparium

290 3227 579 3304 Tarracinensem,
600 3233 657 3310 qui
677 3226 712 3290 in
732 3225 894 3308 Apuliam
914 3224 957 3289 ad
977 3223 1177 3289 concitanda
1197 3222 1334 3288 servitia

291 3337 461 3421 proficisci
480 3335 633 3420 parr'tbat.
679 3335 794 3401 Ceteri
814 3334 886 3400 sine
906 3340 1005 3398 morit
1024 3333 1182 3410 veniunt;
1203 3331 1334 3416 Caepd-

293 3446 373 3523 rius,
400 3445 501 3530 paulo
529 3454 606 3510 ante
632 3444 736 3510 domo
764 3449 931 3529 egressus,
960 3442 1099 3526 cognito
1127 3440 1263 3518 indicio,
1291 3462 1335 3506 ex

293 3556 378 3621 urbe
406 3555 622 3639 profugerat.
675 3553 808 3619 Consul
837 3552 1040 3630 Lentulum,
1069 3551 1164 3635 quod
1193 3559 1335 3634 praetor

242 3692 271 3743 15
292 3674 373 3741 erat,
398 3663 468 3747 ipse
491 3668 595 3728 manu
619 3669 737 3728 tenens
759 3660 923 3746 perducit,
949 3660 1096 3743 reliquos
1120 3680 1197 3724 cum
1221 3663 1334 3723 cristo-
1427 3743 1431 3752 .

294 3773 394 3840 dibus
416 3773 451 3838 in
473 3773 595 3838 aedem
619 3771 839 3838 Concordiae
860 3777 978 3837 venire
1001 3769 1106 3834 iubet.
1260 3856 1262 3860 ι

364 3882 418 3948 Eo
445 3888 606 3949 senatum
633 3881 785 3946 advocat
813 3885 1012 3965 magnique
1040 3875 1234 3962 frequentiis
1261 3874 1335 3942 eius
