3050 4522
393 379 476 432 THE
502 379 752 434 CONSPIRACY
778 379 828 433 OF
853 378 1044 433 CATILINE
1199 377 1239 444 37

193 557 353 624 homines
380 563 466 623 tanti
493 557 653 624 facinoris
680 557 881 625 convictds?
933 557 994 626 Sin
1022 557 1102 642 quia
1129 558 1238 624 levius

193 677 254 744 est,
283 673 343 751 qui
370 667 534 732 convenit
561 667 596 731 in
624 667 758 734 minere
786 667 935 752 negetis)
963 667 1078 752 legem
1106 667 1237 746 timere,
1257 683 1290 732 80

193 796 273 842 cum
297 797 373 841 eam
397 776 431 841 in
455 775 585 842 meiere
609 775 826 861 neglegetis?

262 885 280 911 “
295 885 342 951 At
361 885 452 951 enim
470 884 547 969 quis
564 885 803 969 reprehendet,
822 884 917 969 quod
935 885 970 951 in
988 885 1172 970 parricides
1191 891 1240 951 rei

190 994 347 1078 ptiblicae
364 994 543 1060 decretum
562 993 645 1060 erit?
686 993 851 1078 Tempus
870 993 953 1074 dies,
972 994 1122 1074 fortuna,
1142 994 1239 1060 ciiius

192 1103 312 1169 lubido
349 1103 512 1189 gentibus
550 1103 761 1169 moderatur.
825 1103 896 1169 Illis
934 1103 1059 1170 merite
1096 1103 1238 1182 accidet,

192 1213 357 1298 quicquid
391 1212 559 1292 evenerit;
594 1219 749 1278 ceterum
783 1219 857 1291 ves,
892 1219 1005 1297 patres
1039 1219 1239 1296 censeripti,
1258 1223 1288 1284 85

192 1321 275 1406 quid
312 1321 346 1386 in
381 1321 465 1388 alios
501 1321 659 1388 statuetis
696 1322 921 1388 censiderete.
984 1321 1114 1390 Omnia
1149 1322 1240 1388 mala

192 1432 353 1514 exempla
380 1453 425 1497 ex
452 1431 554 1498 bonis
581 1441 659 1498 orta
686 1442 781 1510 sunt;
810 1432 869 1498 sed
897 1431 956 1497 ubi
984 1430 1168 1516 imperium
1195 1429 1238 1496 ad

193 1541 334 1626 igneres
358 1540 431 1606 eius
455 1551 514 1606 aut
539 1541 652 1606 minus
677 1541 786 1607 bones
812 1539 975 1626 pervenit,
1002 1562 1129 1606 novum
1155 1538 1237 1605 illud

192 1650 393 1734 exemplum
418 1650 461 1716 ab
487 1650 601 1736 dignis
627 1661 661 1717 et
687 1650 823 1716 idimeis
848 1651 890 1716 ad
917 1650 1079 1735 indignes
1107 1660 1141 1718 et
1168 1655 1239 1714 nen

190 1759 337 1825 idenees
362 1759 577 1825 trensfertur.
628 1759 898 1826 Lacedaemonii
924 1758 1067 1826 devictis
1093 1757 1239 1826 Atheni·
1257 1783 1290 1834 9⁰

190 1868 331 1934 ensibus
356 1869 500 1954 triginti
525 1869 617 1935 vires
643 1869 851 1953 imposuere,
879 1875 939 1953 qui
964 1889 1037 1935 rem
1064 1867 1238 1953 pirblicam

192 1983 313 2043 ebrum
352 1983 549 2045 tractarent.
614 1979 658 2044 Ei
696 1985 810 2063 prime
850 1984 997 2062 coepere
1036 1998 1238 2062 pessumum

192 2107 368 2171 quemque
397 2097 431 2153 et
460 2087 623 2154 omnibus
651 2087 801 2154 invisum
831 2087 1071 2154 indemnetum
1101 2093 1238 2166 necere;

193 2217 233 2262 ea
256 2196 406 2280 populus
431 2197 549 2263 laeteri
575 2207 608 2263 et
634 2197 758 2264 merito
784 2197 897 2263 dicere
923 2197 1006 2264 fieri.
1057 2197 1153 2275 Post,
1180 2195 1238 2262 ubi

191 2305 357 2390 pauletim
378 2305 513 2372 licentia
533 2305 653 2385 crevit,
675 2306 774 2372 iuxta
794 2307 907 2373 bones
930 2317 964 2372 et
986 2306 1095 2373 males
1116 2305 1239 2372 lubidi-
1257 2329 1288 2382 95

191 2420 275 2480 mise
297 2414 498 2493 interficere,
520 2421 654 2482 ceteres
676 2421 771 2481 metti
793 2422 937 2495 terrere;
959 2415 1007 2482 ita
1028 2415 1148 2482 civitais
1171 2436 1239 2482 ser-

191 2523 301 2589 vitute
325 2545 490 2607 oppressa
513 2525 637 2591 stultae
661 2524 812 2591 laetitiae
836 2531 950 2610 gravis
974 2531 1105 2609 poenes
1130 2524 1237 2592 dedit.

194 2632 322 2697 Nostrae
354 2633 517 2699 memorie
549 2633 657 2698 victor
691 2633 786 2699 Sulla
818 2655 895 2699 cum
927 2634 1173 2718 Damasippum
1206 2643 1238 2700 et

189 2742 273 2807 alies
290 2742 364 2807 eius
380 2743 487 2821 modi,
505 2749 565 2826 qui
581 2744 672 2808 malo
690 2749 739 2810 rei
757 2743 914 2827 publicae
932 2749 1120 2822 creverant,
1138 2743 1239 2829 iugu-

191 2851 251 2916 lari
272 2851 381 2929 iussit,
403 2850 479 2935 quis
500 2858 571 2916 nen
593 2851 721 2917 factum
744 2852 817 2918 eius
838 2852 1018 2918 laudebat?
1065 2851 1239 2918 Homines
1259 2880 1306 2917 100

191 2959 354 3025 scelestos
377 2971 411 3026 et
435 2960 608 3040 factieseS,
632 2967 692 3044 qui
716 2961 944 3027 seditibnibus
968 2983 1040 3028 rem
1065 2961 1238 3046 publicam

193 3069 466 3152 exagitaverant,
495 3068 620 3136 merite
649 3076 793 3136 necetes
821 3070 967 3136 aiebant.
1021 3070 1090 3138 Sed
1119 3092 1157 3137 ea
1185 3077 1239 3137 res

189 3183 337 3261 magnae
355 3177 491 3243 initium
509 3178 615 3244 cledis
632 3179 706 3245 fuit.
750 3179 841 3244 Nam
860 3185 911 3245 uti
929 3179 1076 3264 quisque
1094 3180 1238 3246 domum

191 3297 251 3351 aut
279 3287 405 3363 villam,
436 3293 612 3370 postremi)
642 3294 701 3354 ves
730 3299 789 3354 aut
818 3295 1065 3354 vestimentum
1095 3289 1238 3355 alicuius

192 3401 450 3479 concupiverat,
479 3395 579 3462 dabat
607 3417 750 3480 operam
779 3407 817 3462 ut
846 3397 873 3463 is
900 3396 935 3462 in
963 3404 1238 3483 prescripterum
1259 3418 1304 3469 105

190 3511 336 3570 numere
357 3514 455 3570 esset.
503 3506 555 3571 Ita
575 3506 632 3584 iili,
655 3507 781 3590 quibus
804 3507 1008 3591 Damasippi
1029 3529 1122 3574 mors
1144 3507 1239 3574 laeti-

191 3611 259 3677 tiae
286 3611 407 3690 iuerat‚
434 3613 535 3696 paule
562 3625 638 3698 post
664 3615 727 3698 ipsi
751 3615 983 3694 trahebantur,
1010 3638 1118 3700 neque
1143 3616 1236 3701 prius

191 3721 269 3787 finis
297 3721 477 3806 iugulandi
506 3724 569 3789 iuit
599 3745 703 3807 quam
734 3724 828 3790 Sulla
857 3731 970 3791 omnis
1000 3732 1082 3791 sues
1112 3726 1238 3792 divitiis

193 3829 351 3914 explevit.
405 3830 517 3914 Atque
544 3832 626 3897 haec
652 3855 717 3918 ego
744 3840 815 3898 nen
844 3833 877 3898 in
907 3835 956 3899 M.
986 3834 1101 3900 Tullio
1129 3856 1237 3918 neque

191 3939 244 4006 his
268 3938 484 4026 temporibus
508 3961 644 4020 vereor;
669 3942 728 4008 sed
753 3943 787 4008 in
812 3949 941 4030 megae
965 3943 1105 4011 civitete
1130 3944 1239 4011 multa
1258 3969 1305 4004 110
