3050 4522
407 286 490 338 THE
516 285 765 338 CONSPIRACY
791 285 841 339 OF
866 284 1057 338 CATILINE
1233 285 1252 351 7

208 467 326 534 fideles
350 475 456 532 erant.
505 464 653 531 Duabus
676 463 729 529 his
752 463 895 543 artibus,
921 463 1066 530 audacia
1089 465 1125 530 in
1148 465 1250 544 bello,

207 575 266 642 ubi
288 582 359 660 pax
380 581 544 640 evenerat
568 572 757 658 aequitate,
782 579 889 658 seque
911 594 1053 658 remque
1077 573 1252 658 publicam

204 684 380 750 carabant.
430 681 591 767 Quarum
615 688 730 748 rerum
755 703 824 768 ego
849 687 1016 748 maxuma
1040 682 1250 749 documenta

206 794 291 859 haec
312 793 435 872 habea,
458 792 554 877 quod
575 793 609 857 in
631 792 723 858 bello
745 791 882 876 saepius
904 790 1118 858 vindicatum
1141 803 1193 858 est
1215 793 1250 858 in
1271 819 1302 856 ιο

205 909 265 968 eas
281 909 341 987 qui
357 909 481 968 contra
497 900 680 986 imperium
697 901 732 966 in
749 901 887 967 hostem
904 906 1158 985 pugnaverant,
1178 907 1251 985 qui·

207 1033 275 1097 que
300 1011 431 1078 tardius
457 1017 612 1078 revocati
637 1010 773 1095 proelio
799 1019 1032 1088 excesserant,
1059 1031 1165 1095 quam
1191 1015 1251 1094 qui

206 1127 307 1205 signa
328 1120 521 1205 relinquere
542 1129 604 1186 aut
626 1119 717 1204 pulsi
738 1119 818 1185 loca
840 1119 962 1186 cedere
984 1125 1059 1186 ausi
1081 1128 1194 1198 erant;
1216 1119 1250 1184 in

205 1236 289 1314 pace
308 1235 401 1309 vera,
422 1229 518 1314 quod
536 1228 712 1296 beneficiis
731 1249 839 1313 quam
857 1233 955 1294 meta
974 1226 1157 1314 imperium
1177 1228 1251 1314 agi-

204 1344 277 1404 tare
302 1348 335 1403 et
359 1344 494 1423 accepta
520 1337 644 1404 iniuria
670 1337 848 1423 ignascere
873 1359 976 1423 quam
1001 1343 1155 1422 persequi
1179 1343 1300 1418 ma-15

204 1448 331 1514 lebant.

273 1557 316 1621 X.
344 1556 411 1624 Sed
429 1557 485 1624 ubi
505 1557 621 1624 labore
638 1567 739 1642 atque
758 1555 888 1622 iastitia
907 1562 962 1623 res
980 1555 1114 1642 pablica
1132 1555 1249 1636 crevit,

201 1672 302 1750 reges
330 1673 451 1751 magni
477 1667 568 1732 bello
597 1667 730 1745 domiti,
759 1666 918 1732 natitanes
946 1666 1038 1732 ferae
1067 1676 1101 1732 et
1130 1665 1250 1749 populi

201 1776 362 1860 ingentes
378 1783 411 1841 vi
426 1777 569 1855 subacti,
588 1775 780 1860 Carthago,
798 1775 935 1841 aemula
950 1775 1071 1860 imperi
1088 1775 1249 1854 Romani,

203 1885 249 1950 ab
273 1885 379 1969 stirpe
403 1884 543 1967 interiit,
569 1891 696 1951 cancta
721 1884 829 1950 maria
854 1894 1039 1969 terraeque
1064 1884 1250 1970 patebant;

204 1999 335 2060 saevire
360 1992 499 2059 fortana
523 2015 562 2060 ac
587 1993 728 2060 miscere
753 1993 869 2058 omnia
894 1993 1013 2077 coepit.
1063 1993 1132 2079 Qui
1158 1993 1283 2067 labo-5

203 2110 268 2183 reS,
293 2103 455 2188 pericula,
481 2103 602 2170 dubias
626 2115 730 2188 atque
754 2109 896 2188 asperas
920 2110 974 2170 res
999 2103 1097 2170 iacile
1122 2104 1250 2169 tolera-

202 2224 337 2292 verant,
358 2219 405 2278 eis
424 2212 547 2291 atium,
569 2213 721 2292 divitiae,
742 2214 898 2297 optanda
918 2213 1012 2292 alias,
1033 2219 1129 2280 oneri
1149 2213 1250 2280 mise-

201 2323 342 2406 riaeque
362 2321 465 2387 luere.
512 2321 626 2406 igitur
644 2328 758 2406 prima
780 2321 914 2408 imperi,
937 2322 1063 2389 deinde
1085 2323 1251 2407 pecuniae

204 2432 334 2515 cupIdd
361 2431 483 2508 crevit;
511 2452 551 2496 ea
579 2431 677 2514 quasi
705 2431 866 2497 materias
893 2431 1052 2497 omnium
1078 2432 1249 2498 malorum

200 2541 307 2606 fuere.
369 2539 531 2623 Namque
567 2540 707 2606 avaritia
742 2540 859 2620 fidem,
897 2539 1122 2626 probitatem,
1159 2547 1249 2607 cete·
1270 2568 1301 2606 10

201 2656 326 2734 rasque
345 2655 426 2716 artis
447 2650 555 2716 bonas
576 2650 765 2729 subvortit;
785 2657 849 2735 pro
870 2651 922 2716 his
943 2650 1151 2734 superbiam,
1174 2655 1249 2716 crir-

201 2759 391 2837 delitatem,
411 2759 495 2824 deas
512 2760 711 2845 neglegere,
730 2761 849 2827 omnia
867 2761 1001 2827 venalia
1021 2761 1148 2827 habere
1167 2761 1249 2826 edo-

204 2868 286 2936 cuit.
336 2867 496 2934 Ambitio
522 2868 653 2934 multos
679 2871 838 2936 mortalis
865 2871 970 2936 falsos
997 2870 1073 2936 fieri
1099 2869 1248 2954 subegit,

201 2977 294 3044 aliud
318 2978 472 3044 clausum
496 2978 531 3042 in
554 2989 706 3063 pectore,
730 2980 823 3045 aliud
846 2979 882 3045 in
904 2980 1024 3064 lingua
1046 2987 1249 3064 promptum

202 3086 338 3164 habere,
355 3085 524 3152 amicitias
542 3087 809 3172 inimicitiasque
825 3095 895 3153 nan
913 3111 958 3154 ex
975 3094 1011 3154 ra
1029 3088 1088 3154 sed
1106 3110 1150 3154 ex
1169 3109 1250 3154 con·
1270 3117 1299 3166 15

203 3195 312 3260 modo
337 3201 542 3274 aestumare,
570 3196 752 3281 magisque
778 3197 912 3262 voltum
938 3218 1044 3281 quam
1069 3195 1249 3282 ingenium

200 3304 335 3369 bonum
361 3303 497 3370 habere.
549 3305 648 3371 Haec
674 3312 787 3389 prima
815 3305 980 3390 paulatim
1008 3312 1171 3382 crescere,
1199 3304 1248 3369 in-

202 3414 343 3480 terdum
360 3413 541 3492 vindicari;
559 3426 651 3499 post,
670 3416 728 3481 ubi
747 3415 915 3499 contagio
934 3416 1032 3500 quasi
1052 3413 1249 3499 pestilentia
1281 3451 1282 3454 κ

201 3521 340 3602 invasit,
361 3523 483 3588 civitas
503 3524 684 3603 inmatata,
704 3524 888 3608 imperium
909 3547 953 3591 ex
972 3524 1176 3590 iustissumo
1196 3534 1249 3589 at-

203 3654 272 3716 que
299 3639 448 3716 optumo
475 3634 611 3699 cradele
637 3634 963 3728 intolerandumque
990 3634 1132 3699 lactum.
1268 3668 1300 3704 20

273 3742 339 3806 Xl.
363 3741 431 3808 Sed
452 3749 563 3826 primo
584 3743 696 3827 magis
717 3743 862 3809 ambitio
883 3765 989 3827 quam
1010 3743 1156 3809 avaritia
1177 3743 1246 3808 ani-

202 3858 282 3918 mos
310 3851 491 3917 hominum
521 3852 715 3930 exercebat,
745 3852 839 3936 quod
869 3863 985 3918 tamen
1014 3850 1139 3918 vitium
1168 3872 1247 3934 pro-
