3050 4522
298 349 316 397 2
493 349 576 404 THE
603 348 851 404 CONSPIRACY
877 348 927 403 OF
952 347 1142 402 CATILINE

297 541 332 596 et
348 529 582 596 Athenienses
597 536 743 614 coepere
759 530 852 595 urbis
869 539 974 614 atque
991 529 1151 594 natidnes
1168 525 1339 611 subigere,

297 639 486 705 lubidinem
505 639 707 705 dominandi
725 660 865 704 causam
884 639 964 704 belli
983 639 1119 716 habere,
1139 643 1340 702 maxumam

297 747 445 832 gloriam
460 748 494 813 in
510 755 677 814 maxumi)
693 748 837 832 imperii)
853 754 988 831 putare,
1005 758 1081 813 tum
1098 746 1239 811 demum
1255 752 1341 829 peri-

300 856 379 923 culd
405 867 512 941 atque
538 857 691 942 negdtiis
717 866 940 941 compertum
965 867 1017 922 est
1044 856 1079 920 in
1106 854 1196 920 bello
1223 854 1341 938 pluru-

166 973 168 978 ’
248 993 280 1030 ιο
297 987 393 1030 mum
409 965 590 1051 ingenium
607 987 718 1050 posse.
761 967 869 1051 Quod
887 972 915 1031 si
931 972 1055 1050 regum
1072 975 1179 1048 atque
1197 963 1342 1048 impera-

300 1080 417 1139 turum
443 1075 549 1140 animi
575 1074 683 1141 virtus
709 1075 744 1140 in
769 1081 853 1160 pace
879 1074 929 1140 ita
955 1085 994 1140 ut
1020 1074 1055 1138 in
1081 1073 1172 1139 bellu
1199 1073 1341 1150 valeret,

295 1182 509 1266 aequabilius
535 1194 642 1268 atque
668 1184 881 1249 cdnstantius
907 1189 982 1249 sese
1006 1189 1059 1248 res
1085 1183 1256 1248 humanae
1283 1181 1340 1246 ha-

296 1292 428 1371 berent,
448 1313 561 1377 neque
579 1291 671 1358 aliud
688 1293 755 1358 alid
773 1293 851 1358 ferri
868 1313 982 1376 neque
1001 1297 1130 1356 mutari
1149 1313 1188 1357 ac
1208 1291 1342 1356 misceri

298 1400 416 1466 omnia
445 1408 612 1468 cerneres.
667 1402 760 1468 Nam
788 1401 972 1486 imperium
1000 1399 1099 1466 facile
1129 1407 1178 1466 eIs
1207 1399 1341 1465 artibus

248 1530 276 1580 15
298 1509 469 1576 retinetur
492 1509 616 1595 quibus
640 1511 740 1576 initis>
763 1521 903 1595 parturn
927 1520 989 1577 est.
1038 1510 1171 1575 Verum
1195 1509 1254 1575 ubi
1278 1515 1341 1593 prs)

288 1619 416 1686 ¹labere
444 1619 585 1699 desidia,
613 1626 678 1704 prs),
705 1619 923 1686 continentia
950 1629 985 1686 et
1014 1617 1193 1703 aequitate
1221 1618 1341 1683 lubidd

297 1737 406 1812 atque
428 1728 588 1813 superbia
609 1729 776 1808 invasere,
799 1729 939 1794 fortuna
961 1728 1062 1794 sirnul
1084 1749 1166 1794 cum
1187 1727 1341 1793 muribus

294 1836 496 1903 inmutatus.
539 1838 592 1903 Ita
606 1837 791 1922 imperium
805 1858 942 1921 semper
957 1836 1000 1902 ad
1017 1846 1204 1921 optumum
1221 1855 1341 1920 quem-

296 1968 364 2031 que
382 1953 402 2012 ἐι
420 1946 533 2012 minus
552 1947 645 2012 bons)
664 1947 879 2012 transfertur.

246 2081 279 2119 20
367 2055 468 2140 Quae
489 2055 646 2122 homines
666 2066 779 2136 arant,
801 2054 979 2141 navigant,
1001 2053 1197 2136 aedificant,
1219 2054 1342 2121 virtuti

297 2165 414 2231 omnia
435 2171 567 2250 parent.
614 2165 684 2232 Sed
704 2165 805 2231 multi
825 2165 1000 2243 mortales
1023 2163 1131 2230 dediti
1152 2169 1267 2229 ventri
1288 2174 1341 2230 at·

296 2295 360 2358 que
391 2280 523 2352 somne,
556 2273 682 2341 indocti
714 2273 896 2357 incultique
928 2279 1033 2338 vitam
1065 2279 1163 2338 sicuti
1194 2279 1342 2357 peregri-

296 2389 416 2448 nantes
448 2389 662 2469 transegere3
694 2383 815 2467 quibus
847 2381 1002 2466 profecti)
1034 2389 1152 2448 contra
1184 2387 1342 2448 naturam

298 2514 427 2578 corpus
448 2495 635 2578 voluptati,
659 2493 774 2559 anima
797 2499 897 2559 oneri
920 2491 995 2558 fuit.
1044 2492 1178 2558 Edrum
1201 2513 1269 2576 ego
1292 2499 1342 2558 vi-

246 2623 277 2674 25
297 2612 372 2668 tam
390 2612 610 2687 mortemque
629 2602 730 2668 iuxta
749 2608 922 2680 aestumc'),
943 2601 1109 2686 quoniam
1130 2602 1173 2668 de
1192 2609 1341 2687 utraque

298 2711 426 2777 siletur.
473 2711 606 2778 Verum
628 2711 806 2778 enimvero
829 2712 856 2777 is
879 2712 1020 2778 demum
1043 2711 1126 2776 mihi
1148 2718 1267 2779 vivere
1289 2723 1342 2778 at-

295 2842 363 2904 que
389 2820 455 2886 irui
479 2820 594 2886 anima
620 2820 757 2887 videtur
783 2827 843 2905 qui
869 2820 986 2904 aliqui>
1014 2820 1162 2905 negdtid
1189 2821 1342 2888 intentus

299 2931 465 3015 praeclari
493 2929 654 2996 facinoris
684 2940 746 2995 aut
776 2930 861 2996 artis
891 2931 1004 2998 bonae
1034 2931 1163 2997 famam
1194 2930 1340 3016 quaerit.

299 3039 368 3106 Sed
398 3040 433 3105 in
464 3045 593 3125 magna
624 3038 725 3125 cdpia
756 3045 871 3106 rerum
903 3040 997 3107 aliud
1029 3039 1087 3107 alii
1119 3047 1245 3107 natura
1278 3041 1342 3108 iter

246 3174 279 3223 30
299 3149 464 3215 ostendit.

367 3258 434 3324 ΠΙ.
455 3257 645 3325 Pulchrum
665 3269 717 3326 est
736 3258 824 3326 bene
843 3243 957 3326 iacere
976 3267 1026 3327 rei
1045 3259 1214 3345 publicae,
1236 3260 1343 3328 etiam

298 3367 386 3433 bene
407 3369 522 3435 dIcere
542 3369 636 3434 haud
657 3369 848 3434 absurdum
870 3379 933 3435 est.
980 3369 1046 3435 Vel
1068 3377 1152 3455 pace
1174 3372 1229 3436 vel
1251 3371 1342 3436 bello

297 3476 428 3542 clarum
451 3476 524 3543 fieri
548 3477 642 3556 licet;
665 3488 699 3544 et
724 3484 784 3562 qui
807 3478 918 3544 iecere
943 3488 977 3544 et
1001 3485 1061 3562 qui
1085 3479 1173 3545 facta
1197 3479 1343 3545 alierum

298 3591 473 3669 scripsere,
493 3585 594 3651 multi
613 3587 808 3652 laudantur.
852 3586 906 3653 Ac
926 3586 1010 3652 mihi
1030 3587 1180 3672 quidem,
1202 3592 1344 3654 tametsi

264 3721 277 3770 5
296 3691 564 3777 haudquaquam
584 3700 646 3777 par
664 3694 775 3778 gldria
793 3695 951 3779 sequitur
969 3701 1175 3779 scriptdrem
1195 3707 1229 3762 et
1249 3701 1343 3762 aetd-

299 3822 371 3867 rem
391 3807 516 3880 rerum,
539 3813 655 3868 tamen
677 3803 711 3868 in
732 3811 852 3888 primIs
874 3805 1023 3871 arduum
1045 3805 1185 3871 videtur
1206 3813 1260 3872 res
1282 3827 1343 3890 ge-

300 3915 372 3976 stas
395 3909 557 3990 scribere3
579 3917 729 3996 primum
753 3913 847 3996 quod
871 3913 963 3980 iacta
987 3913 1090 3980 dictis
1114 3913 1343 4000 exaequanda
