3050 4522
362 345 444 398 THE
471 345 720 401 CONSPIRACY
746 347 795 401 OF
822 347 1011 401 CATILINE
1188 348 1205 412 3

162 532 250 598 sunt,
276 521 397 589 dehinc
420 525 499 608 quia
522 526 672 610 plerique
696 547 782 610 quae
807 526 928 592 delicta
954 527 1205 610 reprehenderis

163 631 409 699 malevolentia
433 645 468 701 et
493 635 621 702 invidie
645 636 738 702 dicta
764 647 900 720 putant,
926 636 984 701 ubi
1010 637 1053 701 de
1078 643 1206 720 megne

161 741 290 808 virtute
321 753 426 827 atque
457 743 571 828 glerie
601 745 774 811 bonerum
806 751 987 823 memores,
1021 767 1110 829 quae
1143 745 1205 810 sibi
1227 776 1258 812 ιο

159 849 306 933 quisque
325 851 435 917 facilia
451 852 545 918 lacte
565 863 662 936 putat
681 859 794 937 aeque
812 853 929 918 anime
948 851 1083 937 accipit,
1103 857 1207 937 supre

162 980 201 1024 ea
222 960 325 1024 veluti
348 959 428 1026 ficta
449 967 512 1045 pre
535 960 630 1026 falsis
652 961 754 1028 decit.

229 1067 298 1134 Sed
313 1090 381 1154 ego
395 1069 673 1138 adulescentulus
689 1070 787 1137 initie
802 1077 903 1138 sicuti
919 1072 1074 1156 plerique
1090 1071 1205 1137 studii)

160 1177 204 1242 ad
222 1199 292 1242 rem
309 1179 477 1261 piiblicam
495 1180 583 1246 letus
601 1201 687 1259 sum,
706 1180 817 1264 ibique
835 1181 916 1245 mihi
936 1181 1042 1246 multa
1062 1181 1206 1246 advorsa

160 1287 266 1354 fuere.
310 1288 401 1353 Nam
418 1295 481 1374 prb
498 1289 642 1374 pudere,
661 1296 724 1374 prb
741 1290 964 1370 abstinentie,
983 1297 1046 1375 pre
1064 1291 1207 1366 virtute,
1228 1314 1256 1364 15

160 1396 313 1474 audecia,
348 1397 496 1482 largitis),
531 1398 675 1463 averitia
709 1398 880 1483 vigebant.
941 1398 1039 1483 Quae
1072 1405 1206 1464 tametsi

160 1506 294 1571 animus
315 1508 558 1590 aspernebetur
577 1508 727 1574 insolens
747 1509 914 1573 malerum
936 1509 1071 1586 artium,
1093 1518 1207 1574 tamen

158 1615 248 1682 inter
273 1626 370 1682 tanta
395 1617 478 1682 vitia
503 1616 674 1683 imbecilla
700 1623 793 1684 aetes
819 1617 1009 1684 ambitiene
1038 1626 1206 1701 conrupta

159 1726 356 1804 tenebetur;
379 1732 505 1804 acme,
529 1747 609 1792 cum
631 1727 674 1792 ab
697 1725 910 1810 reliquerum
933 1726 1031 1792 malis
1052 1726 1207 1792 meribus

161 1832 384 1911 dissentirem,
410 1833 518 1900 nihile
544 1835 656 1901 minus
681 1834 823 1901 honeris
848 1835 972 1919 cupide
998 1835 1116 1900 eedem
1141 1840 1207 1918 que
1226 1861 1258 1898 20

160 1949 296 2009 ceteres
317 1943 408 2009 ieme
427 1955 536 2028 atque
557 1944 685 2012 invidie
705 1945 867 2012 vexebat.

228 2052 292 2118 IV.
320 2051 434 2136 Igitur
461 2051 520 2119 ubi
546 2053 680 2119 animus
709 2076 753 2120 ex
780 2053 901 2120 multis
929 2053 1075 2120 miseriis
1101 2063 1206 2137 atque

159 2162 319 2245 periculis
339 2161 509 2246 requievit
529 2163 667 2230 etmihi
687 2163 855 2246 reliquam
875 2169 1027 2230 aetetem
1048 2169 1123 2228 ere
1144 2167 1207 2245 pii-

162 2271 251 2336 blice
278 2272 401 2355 procul
429 2272 626 2338 habendam
654 2273 800 2351 decrevi,
829 2277 901 2338 nen
929 2271 994 2338 luit
1022 2271 1206 2337 censilium

161 2379 321 2446 secordie
336 2392 443 2466 atque
459 2380 590 2448 desidie
606 2381 738 2447 bonum
754 2381 867 2447 etium
883 2391 1076 2460 conterere,
1094 2401 1207 2464 neque

158 2495 241 2555 vere
254 2510 379 2574 agrum
395 2489 546 2556 colunde
561 2500 619 2555 aut
634 2490 805 2568 venande,
822 2489 1002 2556 servilibus
1018 2488 1141 2556 officiis
1157 2489 1206 2554 in-
1227 2515 1241 2567 5

161 2609 291 2665 tentum
319 2605 463 2665 aetetem
491 2620 602 2684 agere,
631 2599 689 2664 sed
716 2605 737 2665 e
764 2605 833 2684 que
861 2599 995 2684 incepti)
1025 2599 1206 2683 studieque

159 2716 215 2775 me
235 2709 380 2775 ambitie
402 2710 491 2774 mala
512 2709 718 2788 detinuerat,
742 2709 868 2776 eedem
888 2730 1078 2795 regressus
1102 2713 1206 2774 statui

160 2826 213 2885 res
228 2825 345 2904 gestes
362 2819 483 2903 populi
501 2819 653 2886 Remeni
670 2819 825 2904 carptim,
844 2830 882 2885 ut
899 2841 1057 2904 quaeque
1074 2838 1207 2884 memo-

160 2929 208 2994 rie
224 2930 330 3015 digna
346 2928 563 3007 videbantur,
581 2929 804 3013 perscribere,
822 2935 864 2996 ee
881 2927 992 3013 magis
1009 2927 1104 3011 quod
1122 2924 1206 2990 mihi

159 3045 179 3104 e
194 3045 265 3124 spe,
283 3045 390 3117 mete,
409 3039 562 3124 partibus
579 3045 629 3106 rei
647 3038 804 3123 pciblicae
820 3039 955 3104 animus
974 3038 1060 3102 liber
1077 3045 1158 3102 erat.
1228 3068 1260 3105 10

231 3149 348 3235 lgitur
369 3150 412 3215 de
434 3148 606 3216 Catilinae
627 3148 869 3214 conieretiene
891 3167 996 3232 quam
1017 3144 1207 3211 verissume

161 3266 283 3343 potere
301 3265 420 3343 paucis
437 3259 632 3336 absolvam;
649 3279 730 3323 nam
747 3257 781 3322 id
798 3256 931 3322 lacinus
949 3255 983 3320 in
1001 3261 1121 3340 primis
1139 3277 1207 3340 ego

161 3368 383 3434 memoriabile
402 3373 579 3433 existume
598 3365 734 3432 sceleris
752 3376 859 3449 atque
878 3364 1020 3449 periculi
1039 3363 1205 3431 novitete.

164 3477 219 3543 De
246 3477 344 3543 ciiius
370 3476 520 3542 hominis
547 3476 701 3542 metibus
728 3496 839 3559 pauca
866 3474 960 3558 prius
987 3471 1207 3557 explenanda

162 3597 243 3653 sunt
266 3607 372 3672 quam
393 3585 530 3652 initium
551 3584 714 3650 nerrandi
735 3583 869 3649 faciam.
1229 3613 1258 3665 15

230 3695 273 3760 V.
302 3695 340 3758 L.
356 3693 502 3760 Catilina
525 3693 632 3759 nebili
655 3714 777 3778 genere
799 3697 909 3769 netus,
936 3689 1001 3756 luit
1025 3695 1150 3774 megne
1173 3695 1208 3754 vi

161 3816 194 3872 et
225 3804 334 3871 animi
365 3814 400 3870 et
431 3803 597 3888 corporis,
630 3803 690 3868 sed
721 3800 862 3886 ingenie
895 3801 987 3865 male
1019 3805 1205 3884 preveque.

160 3914 255 3980 Huic
275 3913 320 3978 ab
339 3912 575 3978 adulescentie
593 3912 682 3977 bella
702 3910 878 3992 intestina,
900 3909 1034 3988 caedes,
1055 3913 1206 3992 rapinae,
