3050 4522
278 322 320 386 26
472 342 554 394 THE
581 341 828 395 CONSPIRACY
853 341 903 394 OF
930 341 1120 394 CATILINE

279 541 346 603 que
365 519 448 586 fieri.
493 519 626 586 Contra
644 525 704 586 ees
723 527 858 586 summe
877 541 942 603 ope
961 520 1138 586 nitebetur
1155 522 1318 605 pleraque

277 628 448 707 nobilitas,
466 635 605 696 senatus
620 628 744 712 specie,
761 635 825 713 pre
842 635 903 694 suri
920 629 1171 724 magnitfldine.
1213 629 1319 693 Nam-

281 759 357 823 que,
383 745 437 803 uti
461 744 582 822 paucis
607 744 728 803 verum
754 738 944 816 absolvam,
971 749 1050 822 post
1077 737 1134 803 illa
1160 748 1319 820 tempora

229 874 260 910 10
278 853 487 931 quicumque
507 869 580 913 rem
598 846 773 931 publicam
792 847 980 930 agitavere,
1001 847 1154 912 honestis
1173 846 1320 911 nemini-

278 957 351 1034 buS,
368 955 425 1021 alii
441 963 543 1022 sicuti
559 957 680 1041 populi
695 955 770 1021 iina
787 956 1020 1036 defenderent,
1039 977 1120 1040 pars
1137 962 1207 1040 quo
1224 963 1315 1021 sena-

277 1070 332 1130 tus
361 1065 547 1130 aucterites
578 1071 744 1130 maxuma
775 1065 875 1144 foret,
906 1066 1038 1131 bonum
1070 1065 1247 1148 publicum
1278 1065 1319 1129 si-

278 1175 450 1240 mulantes
466 1181 528 1259 pre
545 1181 607 1240 sua
623 1175 769 1260 quisque
785 1175 945 1259 potentie
961 1176 1153 1241 certabant.
1197 1174 1320 1258 Neque

171 1311 173 1316 ·
277 1283 341 1349 illis
356 1283 526 1350 modestia
541 1305 654 1368 neque
670 1284 722 1350 his
738 1286 863 1350 modus
878 1283 1116 1350 contentionis
1132 1294 1223 1362 erat3
1239 1289 1321 1348 utri-

229 1419 257 1468 15
278 1415 344 1477 que
362 1391 547 1458 victeriam
565 1393 749 1460 credeliter
768 1394 991 1460 exercebant.

347 1501 529 1568 XXXIX.
549 1501 617 1568 Sed
634 1513 823 1587 postquam
841 1501 903 1568 Cn.
924 1499 1114 1585 Pompeius
1131 1503 1175 1567 ad
1193 1501 1321 1567 bellum

279 1611 503 1677 maritumum
527 1621 634 1696 atque
660 1611 950 1676 Mithmdeticum
975 1611 1098 1676 missus
1123 1621 1186 1690 est,
1213 1610 1321 1695 plebis

202 1728 204 1732 ’
279 1726 363 1804 opes
386 1719 591 1798 inminetae,
616 1726 808 1805 paucerum
833 1720 990 1804 potentia
1015 1719 1132 1786 crevit.
1183 1720 1225 1784 Ei
1250 1742 1321 1786 ma-

281 1829 448 1913 gistratus
478 1829 673 1912 previncias
701 1829 839 1914 aliaque
869 1829 986 1895 omnia
1016 1835 1147 1894 tenere:
1178 1828 1241 1913 ipsi
1271 1830 1321 1893 in-

245 1967 257 2014 5
277 1937 383 2015 noxii,
407 1938 571 2003 flerentes
592 1937 665 2004 sine
687 1944 785 2003 metu
807 1944 957 2004 aetatem
980 1958 1093 2022 agere,
1117 1943 1320 2021 ceterOsque

279 2046 413 2112 iridiciis
438 2053 576 2128 terrere,
602 2053 672 2131 que
697 2047 834 2131 plebem
858 2047 893 2112 in
918 2047 1129 2132 magistrate
1154 2047 1321 2131 placidius

280 2163 482 2222 trecterent.
536 2155 605 2222 Sed
632 2155 690 2222 ubi
718 2163 869 2240 primum
897 2156 1009 2222 dubiis
1037 2157 1139 2222 rebus
1168 2157 1321 2222 novandi

236 2301 240 2310 ·
281 2272 357 2350 spes
384 2267 501 2331 obleta
528 2276 590 2344 est,
618 2276 720 2331 vetus
748 2272 923 2332 certemen
951 2266 1085 2332 animes
1113 2272 1234 2332 ebrum
1261 2267 1321 2332 ad-

277 2374 376 2440 rexit.
426 2374 534 2459 Quod
560 2380 587 2440 si
612 2380 725 2458 prime
751 2375 885 2457 proelio
911 2374 1058 2441 Catilina
1082 2373 1238 2458 superior
1262 2384 1320 2439 aut

229 2513 260 2550 10
277 2491 389 2568 aeque
404 2490 509 2550 mansu
525 2484 748 2563 discessisset,
766 2485 923 2568 proiecto
939 2491 1068 2569 magna
1084 2484 1198 2549 clades
1215 2495 1321 2568 atque

280 2593 457 2660 calamitas
479 2615 552 2658 rem
575 2593 751 2677 publicam
772 2592 1015 2677 oppressisset;
1038 2615 1151 2678 neque
1174 2593 1239 2659 illis
1262 2599 1321 2677 qui

277 2701 458 2768 victeriam
481 2701 599 2785 adepti
623 2701 735 2768 forent
758 2701 888 2767 diritius
912 2707 1027 2768 ceriti
1051 2701 1212 2778 licuisset,
1237 2707 1320 2784 quin

278 2810 420 2877 defessis
440 2821 472 2877 et
493 2811 733 2896 exsanguibus
754 2817 811 2894 qui
832 2811 907 2896 pleis
928 2820 1050 2894 posset,
1072 2810 1250 2895 imperium
1272 2820 1320 2876 at-

278 2943 345 3006 que
364 2922 561 2987 libertatem
580 2927 816 3005 extorqueret.

229 3061 257 3111 15
348 3030 458 3096 Fuere
480 3041 598 3096 tamen
621 3036 723 3096 extre
745 3029 1021 3095 coniuratienem
1044 3030 1239 3113 complures
1262 3037 1321 3114 qui

277 3140 318 3206 ad
339 3139 520 3206 Catilinam
537 3139 635 3205 initie
653 3139 801 3223 profecti
819 3149 909 3204 sunt.
954 3140 995 3203 In
1013 3145 1061 3204 eis
1078 3149 1149 3204 erat
1168 3139 1320 3215 Fulvius,

277 3247 446 3314 senetbris
465 3247 564 3326 filius,
584 3269 687 3332 quem
706 3254 896 3313 retractum
915 3270 959 3314 ex
977 3247 1100 3313 itinere
1120 3253 1243 3331 parens
1263 3269 1320 3312 ne-

279 3364 349 3423 ceri
371 3355 481 3422 iussit.
530 3344 647 3424 isdem
670 3357 886 3442 temporibus
911 3357 1045 3422 Remae
1071 3355 1250 3436 Lentulus,
1277 3363 1320 3421 si-

280 3473 352 3531 cuti
378 3465 527 3532 Catilina
552 3473 786 3551 praeceperat,
814 3473 1053 3551 quoscumque
1079 3465 1233 3531 metibus
1259 3476 1320 3531 aut

227 3601 259 3638 20
279 3573 418 3639 fortene
452 3581 549 3640 novis
584 3577 683 3641 rebus
718 3575 860 3640 idonees
895 3576 1063 3653 credebat,
1099 3585 1157 3640 aut
1191 3595 1249 3659 per
1283 3580 1320 3639 se

279 3694 337 3750 aut
360 3705 419 3768 per
443 3685 530 3750 alies
555 3684 765 3762 sollicitebat,
791 3706 898 3767 neque
923 3685 1034 3750 selum
1059 3691 1152 3760 civiS,
1180 3684 1237 3748 sed
1263 3689 1320 3748 cu-

279 3793 396 3876 iusque
421 3795 513 3860 modi
538 3815 645 3880 genus
670 3793 856 3872 hominum,
884 3794 974 3877 quod
1000 3793 1103 3859 modo
1129 3793 1216 3858 belle
1243 3798 1320 3857 risui

278 3902 376 3969 foret.
