3050 4522
220 1229 340 1303 THE
376 1227 745 1306 CONSPIRACY
781 1227 855 1304 OF
890 1224 1171 1305 CATILINE

241 1619 268 1686 Ι.
296 1618 423 1687 Omnis
443 1617 613 1698 homines,
635 1625 695 1704 qui
714 1625 790 1686 sese
810 1618 951 1686 student
971 1623 1144 1703 praestare
1165 1619 1219 1684 οό-

174 1735 259 1796 teris
289 1728 505 1808 animalibus,
537 1734 673 1794 summa
702 1750 769 1813 ope
799 1734 864 1794 niti
895 1729 1006 1807 decet,
1038 1733 1081 1794 ne
1111 1733 1220 1793 vitam

173 1837 310 1904 silentio
336 1844 515 1906 transeant
542 1837 650 1904 veluti
676 1858 814 1922 pecora,
841 1858 931 1922 quae
957 1841 1219 1921 natura·prona

172 1957 273 2030 atque
304 1952 413 2012 ventri
444 1946 657 2012 oboedientia
690 1944 802 2012 finxit.
862 1945 928 2012 Sed
961 1955 1077 2012 nostra
1109 1943 1220 2012 omnis

172 2063 223 2122 vis
243 2057 278 2122 in
298 2056 415 2122 animo
436 2067 472 2124 et
493 2077 639 2140 corpore
660 2054 728 2122 sita
748 2065 801 2122 est
809 2077 817 2134 ;
838 2055 944 2122 animi
965 2055 1122 2140 imperio,
1144 2075 1252 2134 cor-5

171 2165 265 2249 poris
287 2164 429 2232 servitio
451 2165 562 2250 magis
584 2163 729 2244 utimur;
753 2164 902 2232 alterum
926 2165 1027 2230 nobis
1051 2184 1132 2230 cum
1156 2163 1219 2240 dis,

171 2275 321 2341 alterum
343 2296 423 2340 cum
443 2275 554 2340 beluis
575 2279 750 2340 conmune
773 2285 834 2340 est,
882 2273 966 2358 Quo
989 2273 1073 2342 mihi
1094 2271 1220 2339 rectius

172 2384 311 2450 videtur
327 2383 445 2469 ingeni
461 2405 568 2468 quam
584 2383 710 2449 virium
727 2383 852 2466 opibus
870 2381 1021 2468 gloriam
1039 2403 1221 2466 quaerere3

175 2504 218 2572 et,
240 2493 407 2578 quoniam
426 2499 498 2559 vita
519 2493 593 2578 ipsa
613 2498 682 2577 qua
702 2491 848 2558 fruimur
867 2491 982 2557 brevis
1003 2501 1066 2570 est,
1088 2513 1220 2558 memo-

176 2603 261 2668 riam
289 2608 401 2668 nostri
428 2623 534 2687 quam
562 2607 727 2668 maxume
755 2601 899 2686 longam
927 2599 1072 2668 efficere.
1127 2600 1220 2666 Nam
1240 2630 1272 2669 ιο

176 2711 371 2777 divitiarum
396 2721 428 2776 et
455 2710 588 2778 formae
613 2710 726 2796 gloria
752 2710 846 2776 fluxa
871 2720 973 2793 atque
1000 2708 1133 2795 fragilis
1159 2718 1219 2788 est,

135 2901 139 2907 Ι
173 2820 284 2886 virtus
303 2821 394 2886 clara
412 2831 628 2904 aeternaque
646 2820 805 2886 habetur.

241 2928 310 2996 Sed
341 2928 400 2994 diu
430 2935 600 3014 magnum
630 2928 721 2995 inter
750 2929 907 2994 mortalis
937 2934 1113 2996 certamen
1145 2927 1219 3005 fuit,

89 3087 94 3096 .
176 3046 253 3106 vine
284 3037 437 3123 corporis
466 3060 511 3104 an
540 3039 669 3106 virtute
699 3037 806 3104 animi
836 3044 889 3104 res
919 3037 1077 3104 militaris
1108 3037 1220 3123 magis

174 3148 388 3232 procederet.
436 3147 528 3213 Nam
550 3157 584 3213 et
605 3146 806 3231 priusquam
827 3145 971 3231 incipias
993 3148 1154 3214 consulto
1177 3158 1220 3223 et,
1241 3178 1270 3228 15

174 3257 231 3323 ubi
249 3256 475 3335 consulueris,
491 3262 626 3322 mature
642 3256 733 3323 iacto
750 3278 840 3341 opus
858 3267 918 3324 est.
963 3257 1016 3322 Ita
1034 3266 1221 3340 utrumque

174 3372 289 3450 perse
308 3365 479 3450 indigene,
497 3367 643 3432 alterum
663 3365 802 3432 alterius
821 3365 951 3431 auxilio
972 3375 1062 3451 eget.

244 3475 291 3540 Π.
316 3474 432 3559 Igitur
453 3473 552 3540 initio
575 3480 806 3559 reges—nam
828 3473 863 3538 in
886 3479 985 3540 terris
1007 3479 1136 3540 nomen
1158 3472 1221 3537 im·

175 3590 246 3668 peri
265 3583 299 3649 id
318 3589 469 3667 primum
490 3582 742 3660 fuit—divorsi,
763 3602 841 3665 pars
861 3581 1053 3666 ingenium,
1073 3581 1128 3646 alii
1147 3603 1221 3647 cor-

176 3713 238 3776 pus
259 3691 486 3770 exercebant3
507 3690 615 3757 etiam
636 3701 713 3756 turn
734 3696 806 3755 vita
828 3689 1010 3756 hominum
1032 3689 1105 3756 sine
1126 3688 1221 3774 cupi-

174 3800 279 3866 ditate
297 3800 506 3885 agitabatur,
526 3821 588 3866 sua
609 3797 734 3882 cuique
754 3797 835 3863 satis
856 3799 1047 3882 placebant.
1093 3799 1221 3864 Postea

176 3915 259 3975 vero
281 3930 387 3994 quam
408 3908 444 3974 in
465 3907 551 3974 Asia
573 3907 697 3993 Cyrus,
720 3906 756 3972 in
780 3905 926 3974 Graecia
950 3904 1221 3976 Lacedaemonii
1240 3935 1253 3988 5

355 4016 370 4068 3
1008 4027 1022 4069 1
