3050 4522
288 350 330 412 24
482 349 564 400 THE
591 350 839 402 CONSPIRACY
866 350 914 403 OF
942 350 1131 403 CATILINE

288 533 368 594 casti
390 534 467 611 spes
488 526 637 611 reliquae
659 528 838 612 dignitatis
860 529 1115 595 censervandae
1138 551 1215 595 sum
1237 535 1332 595 secu-

288 647 352 702 tus.
402 637 504 700 Plura
528 657 607 701 curn
632 638 779 703 scribere
803 638 937 715 vellem,
962 638 1162 703 nuntiatum
1187 652 1238 704 est
1262 638 1332 704 vim

289 745 371 811 mihi
407 751 527 828 parari.
591 745 692 810 Nunc
729 745 924 812 Orestillam
961 747 1149 811 conmende
1187 756 1330 829 tuaeque

288 854 368 919 fidei
388 855 502 934 tradb;
525 876 600 921 eam
621 855 663 920 ab
685 855 807 921 iniuria
828 855 1001 934 delendas
1024 877 1085 939 per
1105 857 1232 922 liberas
1252 862 1332 920 tues

238 989 270 1025 20
289 971 441 1048 rogatus.
491 964 665 1030 Havetb.''

359 1072 537 1140 XXXVI.
565 1073 634 1140 Sed
654 1073 727 1158 ipse
749 1081 879 1160 pauces
901 1074 973 1141 dies
996 1081 1219 1140 conmoratus
1241 1074 1332 1157 apud

290 1181 327 1247 C.
349 1181 556 1247 Flaminium
576 1182 610 1247 in
629 1189 716 1268 agre
735 1183 913 1263 Arretini),
935 1183 1018 1248 dum
1037 1182 1252 1248 vicinitatem
1272 1204 1331 1247 an-

292 1297 349 1357 tea
374 1291 597 1356 sollicitatam
623 1298 728 1358 armis
755 1299 916 1372 excarnat,
945 1314 1025 1358 cum
1051 1291 1200 1356 fascibus
1227 1302 1330 1375 atque

290 1400 363 1464 aliis
383 1399 504 1483 imperi
523 1401 718 1485 insignibus
738 1401 773 1465 in
795 1411 910 1467 castra
931 1403 975 1467 ad
998 1401 1169 1466 Manlium
1191 1412 1331 1466 conten-

256 1508 350 1584 5dit.
398 1509 497 1574 Haec
518 1509 576 1575 ubi
599 1510 735 1576 Remae
756 1520 937 1594 comperta
959 1520 1050 1589 sunt,
1075 1516 1214 1576 senatus
1237 1509 1331 1575 Cati-

290 1618 394 1682 linam
415 1629 448 1684 et
471 1618 642 1684 Manlium
662 1618 774 1684 hostis
795 1619 937 1700 iudicat,
960 1626 1096 1685 ceterae
1117 1618 1332 1684 multitudini

292 1727 384 1792 diem
405 1727 529 1793 statuit
552 1737 633 1793 ante
656 1750 761 1812 quam
784 1727 856 1794 sine
879 1729 998 1794 fraude
1021 1729 1139 1794 liceret
1163 1729 1206 1793 ab
1229 1734 1331 1793 armis

292 1836 477 1914 discedere,
515 1848 651 1920 praeter
687 1843 801 1902 rerum
838 1837 1038 1921 capitalium
1075 1837 1332 1913 condemnatis;

291 1951 462 2028 praeterea
500 1945 650 2010 decernit
689 1952 738 2010 uti
777 1946 934 2010 cansules
972 1946 1140 2010 delectum
1178 1945 1331 2022 habeant,

241 2082 272 2120 10
289 2053 466 2119 Antenius
490 2075 569 2120 cum
591 2054 748 2121 exercitii
773 2054 961 2120 Catilinam
984 2061 1144 2140 persequi
1167 2061 1332 2131 maturet,

290 2162 414 2229 Cicera
433 2164 509 2228 urbi
526 2163 696 2249 praesidia
715 2165 770 2230 sit.

361 2272 413 2338 Ea
447 2280 657 2356 tempestate
692 2274 776 2338 mihi
811 2273 993 2358 imperium
1028 2274 1147 2358 populi
1184 2274 1334 2338 Remani

289 2382 401 2446 multe
424 2388 593 2476 maxume
619 2383 814 2448 miserabile
840 2389 953 2448 visum
979 2393 1039 2448 est.
1092 2382 1157 2448 Cui
1185 2403 1264 2447 cum
1290 2381 1332 2446 ad

291 2497 454 2556 occasum
474 2493 518 2556 ab
539 2497 619 2556 ortri
641 2491 722 2556 selis
743 2491 861 2556 omnia
883 2491 1015 2557 domita
1037 2497 1141 2556 armis
1163 2497 1332 2574 parerent,

241 2627 270 2678 15
292 2601 385 2665 dorni
407 2600 518 2665 etium
539 2611 645 2684 atque
667 2600 819 2679 divitiae,
843 2622 932 2685 quae
954 2607 1063 2684 prima
1086 2600 1250 2666 mortales
1272 2621 1334 2684 pu-

291 2719 378 2787 tant,
399 2709 604 2788 adfluerent,
625 2709 720 2776 fuere
739 2720 859 2776 tamen
880 2716 971 2775 cives
991 2716 1050 2793 qui
1070 2715 1175 2793 seque
1194 2730 1334 2793 remque

290 2817 464 2902 publicam
484 2817 668 2883 obstinatis
687 2819 812 2884 animis
831 2818 1007 2902 perditum
1025 2825 1126 2884 irent.
1173 2818 1335 2901 Namque

294 2928 431 2992 ducibus
458 2934 569 2993 senati
597 2928 746 2993 decretis
774 2950 819 2993 ex
846 2933 945 2993 tanta
972 2926 1193 2992 multitudine
1221 2947 1335 3011 neque

294 3037 448 3122 praemia
476 3037 643 3102 inductus
666 3036 944 3102 coniuratienem
972 3036 1194 3120 patefecerat,
1223 3056 1335 3119 neque

242 3177 273 3213 20
292 3167 335 3210 ex
368 3152 484 3211 castris
516 3145 683 3212 Catilinae
714 3145 898 3229 quisquam
930 3145 1087 3210 omnium
1121 3144 1335 3221 discesserat;

292 3264 386 3319 tanta
403 3261 454 3318 vis
472 3256 591 3333 morbi,
610 3261 715 3338 aeque
733 3255 782 3320 uti
800 3255 906 3332 tabeS,
925 3254 1105 3338 pleresque
1123 3251 1247 3318 civium
1265 3251 1336 3316 ani-

293 3371 369 3429 mes
388 3364 570 3430 invaserat.

363 3473 562 3539 XXXVII.
584 3474 707 3559 Neque
726 3475 839 3540 solum
858 3473 922 3539 illas
941 3473 1052 3539 aliena
1071 3477 1169 3536 mens
1188 3481 1259 3537 erat
1279 3475 1338 3554 qui

294 3583 422 3648 censcii
441 3583 690 3649 conisrratienis
709 3585 855 3662 fuerant,
876 3584 937 3648 sed
956 3587 1100 3648 omnine
1121 3586 1248 3644 cuneta
1268 3580 1338 3663 ple-

296 3692 356 3757 bes
380 3699 549 3758 novarum
573 3700 689 3758 rerum
714 3693 830 3758 studie
856 3691 1026 3757 Catilinae
1051 3690 1188 3773 incepta
1213 3688 1337 3772 proba-

294 3801 365 3866 bat.
409 3802 449 3867 Id
467 3803 555 3868 adee
573 3808 670 3866 mere
689 3808 753 3866 sue
771 3801 954 3866 videbatur
971 3800 1093 3865 lacere.
1139 3797 1232 3862 Nam
1251 3817 1339 3862 sem-

262 3942 275 3994 5
297 3931 358 3994 per
379 3910 414 3974 in
437 3909 590 3989 civitate,
616 3910 741 3994 quibus
765 3916 849 3994 opes
872 3910 986 3974 millae
1011 3917 1104 3986 sunt,
1128 3907 1229 3971 bonis
1253 3903 1339 3970 invi-
