3050 4522
374 326 458 402 THE
484 326 732 379 CONSPlRACY
758 326 808 379 OF
834 326 1024 380 CATILINE
1179 325 1221 391 ²9

179 506 237 570 lilii
260 505 476 584 miliorum,
501 511 650 591 quorum
674 527 719 572 ex
743 505 923 572 nobilitote
947 511 1112 571 moxuma
1137 525 1218 589 pars
1239 538 1268 587 15

178 625 260 693 erat,
286 621 442 699 parentis
466 615 699 680 interficerent
708 637 715 692 ;
740 615 841 680 simul
866 615 972 681 caede
997 625 1031 680 et
1057 614 1217 680 incendio

178 724 341 808 perculsis
367 723 529 789 omnibus
555 724 599 789 ad
625 723 812 789 Catilinam
837 730 1070 808 (erumperent.
1123 723 1219 788 Inter

177 833 261 898 haec
286 839 410 917 parota
435 844 540 916 atque
566 833 706 898 docrota
732 831 913 917 Cethogus
938 853 1073 916 semper
1098 837 1217 917 quero·

177 943 274 1006 botur
303 942 346 1006 do
374 941 512 1027 ignovio
541 941 730 1008 sociorum:
760 941 837 1006 illos
866 941 1053 1007 dubitando
1083 951 1115 1007 et
1145 941 1218 1006 dios

173 1050 377 1132 prolatando
397 1057 541 1136 mognos
561 1051 833 1134 opportonitotos
854 1071 1090 1134 conrumpere;
1114 1050 1217 1128 facto,
1238 1077 1270 1114 20

174 1165 244 1223 non
261 1160 418 1226 consulto
437 1160 471 1224 in
487 1160 548 1226 toli
565 1161 714 1244 periculo
732 1182 818 1244 opus
836 1181 924 1238 esse;
943 1166 1054 1243 soque,
1075 1165 1102 1224 si
1120 1163 1217 1242 pauci

173 1269 383 1347 adiuvarent,
402 1270 640 1356 languentibus
659 1269 744 1349 aliis,
765 1270 927 1354 impeturn
945 1270 979 1334 in
997 1269 1128 1335 coriam
1149 1267 1218 1334 lac·

172 1384 297 1444 torum.
337 1379 370 1444 N
373 1385 472 1445 otoro
487 1379 598 1458 ferox,
613 1381 804 1458 vehemons,
819 1385 923 1445 mano
937 1385 1115 1464 promptus
1129 1387 1218 1458 erat;

174 1495 373 1555 moxumum
396 1491 522 1556 bonurn
545 1490 579 1554 in
603 1490 772 1556 celeritote
795 1490 944 1574 putobat.

246 1599 380 1666 XLIV.
411 1599 480 1666 Sed
506 1599 718 1685 Allobroges
747 1623 791 1666 ex
819 1605 1008 1684 praecepto
1038 1595 1218 1665 Ciceronis

174 1730 238 1792 per
263 1707 451 1774 Gabinium
476 1715 614 1776 coteros
639 1709 865 1788 conveniunt;
892 1710 935 1775 ab
963 1708 1125 1790 Lentulo,
1154 1707 1218 1776 Ce-

173 1818 294 1902 thogo‚
317 1817 469 1897 Statilio,
491 1818 577 1884 item
600 1818 721 1885 Cassio
744 1819 924 1903 postulant
947 1817 1000 1884 ios
1022 1817 1216 1897 iorandum,

174 1927 270 2011 quod
293 1933 471 2012 signotum
493 1929 538 1993 ad
561 1934 644 1994 civis
667 1927 858 2013 perferant;
880 1927 980 1993 aliter
1002 1927 1096 1994 haud
1119 1927 1217 1994 facile

173 2041 232 2101 eos
257 2035 301 2100 ad
325 2045 458 2100 tantum
484 2036 662 2122 negotium
687 2036 812 2120 impelli
837 2057 944 2120 posse.
996 2035 1108 2102 Coteri
1134 2035 1251 2108 nihils

174 2145 392 2229 suspicantos
417 2147 513 2225 dant,
540 2145 681 2212 Cassius
707 2153 816 2211 somet
843 2152 885 2212 eo
910 2147 1007 2212 brevi
1032 2151 1218 2212 ventorum
1268 2173 1272 2180 ·

171 2254 354 2339 pollicotur
370 2261 410 2320 oc
428 2256 533 2339 paulo
551 2266 634 2322 ante
653 2257 791 2340 logotos
811 2278 856 2322 ex
874 2256 959 2321 urbe
977 2255 1216 2339 proficiscitur.

171 2363 345 2429 Lentulus
361 2371 504 2431 cumeis
520 2364 559 2430 T.
576 2365 799 2431 Volturcium
816 2365 990 2449 quendam
1008 2364 1218 2431 Crotonion-

172 2493 244 2537 sem
277 2472 391 2549 mittit,
424 2483 461 2538 ut
493 2473 708 2558 Allobroges
742 2474 939 2558 priusquam
973 2474 1112 2540 domurn
1145 2494 1217 2557 per-

171 2593 307 2668 gerent,
330 2603 410 2648 cum
431 2581 590 2662 Catilino,
613 2584 696 2648 dato
716 2593 825 2668 atque
846 2589 989 2668 accepto
1010 2583 1087 2663 fide,
1111 2581 1217 2649 socie·
1238 2610 1269 2646 10

170 2698 284 2757 totem
302 2691 561 2758 confirmarent.
606 2693 685 2776 Ipse
703 2693 888 2758 Volturcio
907 2693 1042 2758 litteros
1061 2693 1105 2758 ad
1125 2692 1217 2758 Cati-

170 2801 278 2866 linam
310 2801 382 2880 dat,
416 2807 562 2886 quorum
594 2802 794 2886 exemplum
826 2802 916 2868 inlro
948 2809 1117 2886 scriptum
1149 2812 1217 2868 est:

173 2908 278 2994 “Qui
305 2909 379 2988 sirn,
406 2932 450 2976 ex
475 2917 516 2976 eo
543 2931 642 2994 quem
669 2911 711 2975 ad
737 2917 772 2976 to
798 2917 875 2976 misi
901 2917 1097 2996 cognoscos
1149 2911 1217 2976 Fac

171 3018 304 3102 cogites
339 3018 374 3082 in
409 3025 535 3103 quanto
569 3020 759 3086 calamitate
795 3027 850 3098 εἰς,
887 3031 920 3086 et
955 3020 1147 3086 memineris
1182 3026 1216 3086 te

170 3128 284 3194 virum
305 3150 379 3195 esse
387 3151 394 3207 ;
416 3131 614 3196 consideres
637 3130 719 3215 quid
742 3140 824 3196 tuae
846 3130 998 3196 rationos
1020 3130 1217 3215 postulent;
1239 3155 1266 3206 15

172 3237 341 3304 auxilium
364 3245 461 3322 petos
483 3239 526 3304 ab
549 3239 720 3319 omnibus,
744 3239 851 3306 etiarn
874 3240 917 3305 ab
939 3239 1114 3305 insumis.''
1159 3239 1217 3304 Ad

173 3347 241 3413 hoc
262 3349 429 3414 mandota
450 3350 562 3414 verbis
585 3350 660 3414 dat:
683 3370 763 3414 curn
784 3349 828 3414 ab
851 3355 976 3416 senoto
999 3349 1108 3414 hostis
1130 3347 1217 3412 iodi-

173 3463 268 3521 cotus
293 3456 346 3534 sit,
372 3463 439 3540 quo
463 3458 607 3522 consilio
633 3458 770 3523 servitia
796 3457 970 3542 repudiet?
996 3458 1031 3522 in
1055 3459 1137 3524 urbe
1160 3478 1217 3541 pa-

172 3573 248 3632 rota
268 3588 341 3633 esse
360 3588 449 3651 quae
467 3566 621 3646 iusserit;
639 3575 684 3634 no
702 3574 887 3634 cunctotur
905 3569 978 3654 ipse
999 3567 1142 3653 propius
1161 3589 1217 3633 ac-

174 3676 305 3742 cedere.
1236 3706 1269 3743 20

244 3784 358 3850 XLV.
386 3786 453 3852 His
477 3785 579 3852 robus
603 3786 652 3852 ita
676 3793 774 3866 fictis,
801 3787 995 3853 constitoto
1020 3797 1125 3854 nocte
1150 3792 1217 3870 quo

175 3894 486 3978 proficiscerentur,
515 3894 637 3962 Cicero
664 3916 727 3980 per
752 3895 888 3980 logotos
915 3901 1043 3963 concta
1070 3897 1216 3961 edoctus
