3050 4522
377 341 459 396 THE
486 341 734 396 CONSPIRACY
760 341 809 397 OF
835 343 1025 398 CATILINE
1184 341 1218 406 15

81 586 83 594 ,
177 521 256 585 foris
277 543 335 586 aes
356 520 505 586 alienum
513 544 521 600 ;
543 523 716 600 mulares,
739 529 817 606 spes
839 523 953 589 mults>
975 523 1140 606 asperi0r;
1164 523 1220 588 de-

178 629 277 712 nique
313 630 394 712 quid
432 631 550 714 reliqui
586 632 749 696 habemus
785 643 917 716 praeter
954 631 1112 696 miseram
1149 631 1219 696 ani-

176 738 288 803 mam?
346 737 441 822 Quin
476 739 583 823 igitur
617 741 918 826 expergiscimini?
978 728 1032 806 En
1067 741 1132 818 illa,
1167 740 1222 806 illa

178 869 279 930 quam
307 869 405 931 saepe
432 847 585 931 optastis
614 849 759 926 libertis,
788 855 960 934 praetereat
988 849 1136 928 divitiae,
1165 851 1220 915 de-

177 977 247 1034 cus,
276 956 385 1040 gluria
413 957 447 1021 in
475 958 585 1024 oculis
613 957 677 1024 sita
704 960 799 1026 sunt!
853 959 1009 1026 Fortuna
1037 959 1154 1026 omnia
1182 979 1221 1026 ea
1242 987 1273 1036 50

175 1065 362 1132 victuribus
395 1067 547 1150 praemia
578 1069 704 1152 posuit.
763 1069 843 1146 Res,
877 1079 1027 1154 tempus,
1062 1068 1221 1154 pericula,

176 1181 321 1259 egestis,
338 1176 416 1241 belli
432 1176 544 1260 spolia
559 1176 746 1262 magnifica
761 1177 874 1263 magis
891 1197 995 1262 quam
1012 1177 1127 1243 urstis>
1144 1197 1221 1242 mea

175 1290 238 1349 vtis
253 1285 445 1351 hortantur.
487 1285 555 1352 Vel
571 1285 782 1370 imperitbre
799 1287 853 1354 vel
872 1286 980 1354 milite
996 1293 1052 1353 me
1070 1285 1221 1365 utimini;

176 1413 287 1474 neque
315 1392 450 1459 animus
478 1415 591 1477 neque
620 1416 747 1478 corpus
775 1401 795 1461 ἑ
823 1397 922 1460 v6bis
950 1394 1068 1462 aberit.
1123 1394 1222 1460 Haec

174 1498 257 1585 ipsa,
280 1512 318 1567 ut
340 1508 452 1585 speri),
474 1503 656 1569 vribiscum
678 1510 748 1570 rinei
768 1505 889 1570 cunsul
912 1525 1025 1592 agam,
1047 1504 1111 1569 nisi
1134 1504 1222 1570 forte
1242 1533 1272 1584 5⁵

175 1616 231 1675 me
250 1610 385 1676 animus
405 1610 489 1677 fallit
511 1622 545 1678 et
565 1618 629 1678 vtis
649 1619 775 1679 servire
796 1613 907 1699 magis
929 1633 1032 1698 quam
1054 1613 1223 1698 imperare

176 1725 285 1803 parati
306 1719 421 1786 estis.'’

245 1829 350 1894 XXI.
378 1829 570 1915 Postquam
585 1837 749 1915 accepere
764 1853 803 1899 ea
817 1831 978 1898 homines
994 1831 1120 1916 quibus
1135 1830 1222 1896 mala

178 1939 317 2004 abunde
337 1939 454 2005 omnia
475 1951 583 2018 erant,
606 1940 666 2006 sed
687 1963 802 2025 neque
824 1947 878 2006 res
899 1963 1011 2026 neque
1032 1947 1109 2025 spes
1130 1941 1223 2006 bona

178 2048 257 2126 ulla,
279 2054 420 2114 tametsi
439 2048 505 2114 illis
525 2048 644 2134 quieta
665 2055 808 2116 movere
829 2056 957 2134 magna
978 2055 1109 2116 merces
1129 2049 1223 2115 vide-

175 2157 287 2236 batur,
306 2167 424 2223 tamen
440 2157 662 2242 postulavere
679 2159 834 2243 plerique
850 2170 889 2225 ut
906 2164 1117 2244 pr6p6neret
1135 2178 1223 2242 quae

179 2266 339 2332 condicit)
369 2266 447 2332 belli
477 2266 576 2345 foret,
608 2287 697 2351 quae
728 2267 880 2352 praemia
911 2273 1016 2333 armis
1047 2275 1256 2352 peterent‚5

179 2375 262 2459 quid
286 2375 414 2460 ubique
439 2375 516 2460 opis
540 2385 602 2442 aut
627 2382 700 2461 spei
725 2376 904 2442 haberent.
954 2375 1046 2442 Tum
1073 2374 1222 2442 Catilma

178 2484 333 2569 polliceri
358 2485 495 2552 tabulis
519 2491 638 2564 novis
665 2484 960 2570 prbscriptir'mem
986 2483 1221 2569 locupletium,

177 2593 413 2677 magistratus,
432 2593 640 2674 sacerdcitia,
659 2600 807 2678 rapinis,
826 2594 892 2660 alia
911 2594 1028 2661 omnia
1046 2615 1136 2678 quae
1152 2591 1223 2658 bel-

179 2703 250 2768 ium
274 2713 380 2786 atque
404 2702 525 2768 lubidr')
550 2702 725 2768 vietbmm
750 2703 826 2768 fert.
877 2702 1063 2768 Praeterea
1088 2722 1163 2768 esse
1188 2699 1222 2783 in

177 2811 348 2894 Hispiniai
372 2809 530 2877 citeritire
555 2811 731 2890 Piscinem
757 2811 791 2876 in
816 2810 1034 2878 Mauretania
1058 2830 1138 2876 cum
1163 2830 1276 2876 ex·1o

179 2920 288 2986 ercitu
314 2919 351 2985 P.
378 2919 523 2985 Sittium
549 2919 775 2999 Nucerinum,
801 2919 923 2986 crinsili
948 2924 1000 2984 sui
1025 2915 1223 3002 participes3

177 3039 294 3113 petere
311 3030 536 3094 cunsulitum
553 3027 591 3094 C.
610 3029 817 3108 Antdnium,
837 3049 941 3112 quem
959 3026 1021 3092 sibi
1040 3026 1223 3111 conlegam

178 3139 249 3205 fore
267 3144 432 3222 speraret,
452 3138 632 3204 hominem
651 3149 686 3204 et
706 3137 910 3204 familiarem
929 3147 963 3203 et
983 3135 1146 3202 omnibus
1165 3155 1223 3200 rre-

180 3247 448 3314 cessitudinibus
478 3247 769 3324 circumventum;
798 3267 878 3311 cum
907 3251 949 3312 εό
979 3251 1015 3311 se
1044 3244 1222 3310 cumulem

180 3356 316 3423 initium
336 3357 469 3442 agundi
488 3357 673 3423 iacturum.
718 3355 776 3420 Ad
796 3355 863 3420 huc
884 3354 974 3420 male
995 3352 1095 3419 dictis
1115 3352 1223 3418 incre·
1245 3386 1273 3436 15

179 3466 277 3548 pibat
315 3471 426 3531 omnis
464 3466 583 3544 bonus,
623 3471 763 3530 sutirum
802 3469 1076 3547 unumquemque
1099 3460 1222 3526 -nrimi-

179 3581 262 3641 mins
289 3576 446 3642 laudere:
472 3575 678 3641 admonebat
705 3574 809 3639 alium
837 3572 1008 3658 egestatis,
1036 3570 1140 3636 alium
1166 3591 1222 3636 cu-

178 3685 328 3769 piditatis
370 3706 459 3763 suae,
501 3685 684 3768 compluris
725 3683 863 3766 periculi
904 3690 962 3746 aut
1004 3678 1223 3766 ignbminiae,

179 3796 305 3860 multtis
330 3794 494 3861 victuriae
522 3794 691 3870 Sullanae,
717 3793 839 3876 quibus
865 3813 904 3858 ea
930 3790 1075 3875 praedae
1101 3788 1221 3854 fuerat.

181 3901 364 3988 Postquam
403 3903 556 3969 omnium
595 3902 729 3966 animus
769 3901 889 3966 alacris
927 3898 1029 3978 videt,
1070 3897 1224 3964 cohorti·
1244 3925 1276 3964 20
