3050 4522
302 341 325 404 6
498 359 581 411 THE
608 355 857 412 CONSPIRACY
882 361 932 414 OF
958 360 1148 415 CATILINE

305 560 407 622 asper
428 548 490 604 aut
514 539 643 604 arduus
666 548 752 618 erat,
776 545 847 605 nun
870 545 1024 606 armatus
1047 541 1159 607 hostis
1182 541 1348 610 formidu-

305 648 415 726 losus3
441 647 552 713 virtus
579 647 696 713 omnia
724 647 917 714 domuerat.
970 647 1039 714 Sed
1066 649 1199 735 gloriae
1226 658 1348 719 maxu-

305 777 401 821 mum
425 763 604 822 certarnen
628 756 719 822 inter
744 756 837 842 ipsus
862 767 937 823 erat
946 779 953 836 ;
978 765 1014 823 se
1039 758 1186 844 quisque
1211 760 1348 828 hostem

253 879 282 929 15
302 864 411 943 ferire,
437 871 577 930 murum
601 864 798 944 ascendere,
825 867 989 951 conspici,
1017 866 1101 932 dum
1125 871 1194 936 tale
1218 869 1349 936 lacinus

304 974 443 1052 laceret,
466 975 692 1059 properabat;
714 981 771 1040 eas
794 975 943 1055 divitias,
967 998 1044 1042 eam
1067 978 1197 1043 bonam
1220 977 1347 1043 lamam

301 1088 535 1166 magnamque
556 1083 774 1149 nubilitatem
796 1085 974 1168 putabant.
1019 1086 1149 1152 Laudis
1169 1086 1270 1164 avidi,
1290 1106 1347 1168 pe·

303 1193 426 1259 cuniae
447 1192 603 1259 liberales
624 1204 735 1272 erant;
757 1194 906 1278 gloriam
926 1195 1108 1280 ingentem
1129 1195 1265 1263 divitias
1287 1195 1347 1259 ho-

303 1308 421 1368 nestas
443 1303 619 1368 volebant.
670 1303 868 1370 Memorare
891 1326 1031 1388 possem
1055 1304 1180 1389 quibus
1204 1303 1238 1368 in
1262 1305 1348 1369 locis

250 1435 282 1472 20
303 1417 486 1476 maxumas
517 1411 670 1477 hostium
700 1412 818 1497 copias
848 1414 998 1498 populus
1030 1413 1211 1478 Romanus
1242 1419 1347 1497 parva

303 1525 409 1584 manu
434 1520 573 1600 fuderit,
600 1528 685 1606 quas
709 1523 803 1587 urbis
828 1529 953 1587 natura
978 1528 1130 1590 munatas
1156 1521 1347 1606 pugnando

303 1630 444 1714 ceperit,
467 1636 502 1694 ni
522 1652 562 1696 ea
583 1637 636 1696 res
658 1631 799 1716 longius
821 1638 885 1696 nus
907 1631 950 1697 ab
973 1632 1114 1717 inceptu
1136 1631 1299 1697 traheret.

371 1737 470 1803 VIII.
499 1738 565 1804 Sed
581 1739 737 1822 proiectu
755 1741 907 1805 Fortuna
924 1740 958 1804 in
975 1748 1068 1805 omni
1084 1747 1120 1805 re
1136 1740 1348 1818 dominatur;

303 1869 343 1914 ea
362 1854 416 1914 res
435 1853 579 1914 cunctas
599 1871 643 1915 ex
662 1849 815 1916 lubidine
835 1850 948 1934 magis
967 1872 1073 1934 quam
1093 1872 1138 1916 ex
1157 1855 1240 1916 vero
1261 1850 1346 1915 cele-

299 1957 375 2023 brat
406 1958 646 2042 obscuratque.
702 1958 971 2024 Atheniensium
1002 1965 1055 2024 res
1086 1969 1216 2043 gestae,
1246 1964 1347 2023 sicuti

302 2089 370 2152 ego
393 2073 564 2146 aestumo,
590 2067 675 2132 satis
699 2067 835 2151 amplae
859 2067 1135 2153 magnificaeque
1159 2067 1263 2146 luere,
1289 2074 1346 2133 ve-

266 2196 376 2256 5rum
403 2175 579 2259 aliquanto
606 2175 758 2242 minares
786 2186 901 2242 tamen
928 2197 1033 2259 quam
1061 2176 1152 2241 lama
1179 2177 1344 2241 feruntur.

303 2284 372 2352 Sed
400 2285 479 2370 quia
507 2292 700 2371 provenere
725 2285 771 2350 ibi
799 2292 1008 2369 scripturum
1037 2292 1165 2370 magna
1193 2283 1344 2370 ingenia,

301 2417 364 2480 per
387 2401 556 2460 terrarum
580 2395 700 2460 orbem
724 2394 994 2460 Atheniensium
1018 2394 1110 2460 lacta
1135 2401 1200 2479 pre
1224 2401 1346 2460 maxu-

299 2510 364 2569 mis
389 2503 617 2570 celebrantur.
669 2504 722 2568 Ita
747 2510 869 2569 eurum
895 2509 955 2586 qui
981 2503 1092 2569 fecere
1118 2503 1226 2568 virtus
1252 2513 1346 2568 tanta

299 2613 455 2692 habetur,
476 2623 645 2696 quantum
668 2634 744 2679 eam
764 2613 876 2678 verbis
897 2619 1042 2697 potuere
1064 2612 1230 2678 extollere
1251 2632 1345 2696 prae-

250 2757 281 2793 10
301 2725 391 2790 clara
410 2724 561 2809 ingenia.
606 2724 657 2789 At
678 2724 808 2808 populu
830 2723 993 2787 Romanu
1014 2743 1206 2806 numquam
1227 2743 1266 2788 ea
1288 2728 1337 2786 cu-

298 2833 354 2917 pia
385 2832 460 2911 fuit,
491 2833 570 2916 quia
600 2832 894 2916 prudentissumus
924 2831 1064 2914 quisque
1094 2837 1255 2896 maxume
1285 2852 1342 2895 ne-

298 2943 457 3027 gotiosus
493 2952 574 3021 erat,
612 2941 787 3026 ingenium
823 2947 925 3005 nemu
963 2940 1034 3006 sine
1070 2960 1210 3022 corpore
1246 2960 1341 3005 exer-

298 3053 404 3130 cebat,
434 3063 592 3136 optumus
621 3052 762 3135 quisque
792 3049 902 3117 facere
929 3071 1030 3132 quarn
1060 3048 1179 3125 dicere,
1210 3069 1271 3112 sua
1299 3048 1341 3112 ab

298 3161 372 3226 aliis
400 3162 484 3228 bene
514 3161 604 3227 iacta
635 3161 765 3226 laudari
795 3181 896 3243 quam
927 3158 997 3242 ipse
1026 3157 1172 3222 aliorum
1203 3162 1342 3221 narrare

251 3304 279 3354 15
298 3271 453 3336 malebat.

369 3381 435 3446 IX.
464 3379 576 3466 Igitur
597 3381 691 3445 dorni
712 3379 923 3462 militiaeque
946 3379 1030 3443 boni
1051 3382 1165 3441 mures
1187 3375 1345 3440 coleban-

303 3502 374 3570 tur;
401 3491 589 3557 concordia
616 3497 790 3568 maxuma,
820 3488 974 3554 minuma
1003 3484 1148 3552 avaritia
1176 3495 1264 3562 erat;
1292 3481 1345 3547 ius

300 3601 502 3684 bonumque
522 3600 614 3683 apud
634 3606 694 3665 eus
714 3605 784 3663 nun
805 3598 940 3682 legibus
961 3596 1073 3681 magis
1095 3616 1199 3679 quam
1221 3597 1346 3658 natura

300 3709 449 3775 valebat.
496 3709 624 3792 Iurgia,
647 3708 846 3784 discordias,
869 3706 1064 3772 simultates
1086 3726 1166 3770 cum
1186 3701 1345 3768 hostibus

268 3853 280 3900 5
303 3819 522 3897 exercebant,
548 3824 639 3882 cives
664 3839 742 3882 cum
768 3816 899 3882 civibus
925 3816 967 3881 de
991 3815 1120 3880 virtute
1145 3812 1344 3885 certabant:

301 3928 335 3996 in
354 3927 529 4018 suppliciIs
549 3927 693 3997 deorum
713 3925 898 4010 magnifici,
919 3925 1015 3990 domi
1034 3929 1138 4012 parci,
1159 3921 1193 3986 in
1213 3925 1345 3991 amicus
