3050 4522
287 364 330 411 20
481 364 564 416 THE
591 362 839 416 CONSPIRACY
865 363 915 415 OF
940 363 1130 416 CATILINE
1230 415 1233 421 ,

288 565 370 622 rere,
388 549 546 608 coercere
562 541 725 608 omnibus
741 543 854 608 modis
870 542 984 608 socius
1001 553 1107 626 atque
1124 548 1217 621 civis,
1236 542 1331 608 domi

180 710 181 713 ,
286 651 499 734 militiaeque
527 650 711 734 imperium
740 661 844 734 atque
872 649 1039 715 iudicium
1068 671 1245 715 summum
1273 649 1330 714 ha-

286 761 381 838 bere;
413 760 509 825 aliter
540 759 612 826 sine
641 760 756 843 populi
788 760 882 825 iussu
912 760 1037 825 nulllus
1069 766 1185 825 earum
1218 765 1330 824 rerum

287 871 420 936 cunsuli
438 871 491 936 ius
512 880 575 936 est.

359 978 481 1045 XXX.
512 979 598 1045 Post
624 985 757 1064 paucus
785 978 857 1044 dies
885 979 925 1044 L.
955 978 1101 1045 Saenius
1129 985 1269 1044 senator
1296 978 1329 1042 in

288 1094 412 1154 senatu
441 1088 574 1156 litteras
602 1088 771 1167 recitavit,
802 1095 887 1173 quas
918 1087 1073 1154 Faesulis
1103 1088 1237 1153 adlatas
1267 1085 1329 1152 sibi

288 1198 434 1276 dicebat,
461 1198 495 1263 in
520 1198 646 1282 quibus
672 1204 840 1282 scriptum
867 1208 942 1264 erat
969 1197 1007 1264 C.
1036 1196 1209 1263 Manlium
1234 1218 1329 1262 arma

287 1307 417 1391 cepisse
441 1329 520 1373 cum
544 1314 673 1393 magna
696 1307 920 1374 multitudine
944 1318 1027 1373 ante
1051 1306 1143 1373 diem
1167 1307 1230 1372 VI.
1259 1306 1330 1371 Ka-

252 1417 406 1490 slendas
431 1417 650 1482 Novembris.
700 1415 821 1495 Simul,
845 1417 880 1482 id
904 1417 999 1501 quod
1023 1417 1057 1481 in
1083 1417 1144 1481 tali
1169 1422 1205 1481 re
1229 1415 1328 1493 solet,

285 1525 342 1590 alii
363 1536 527 1609 portenta
548 1538 653 1610 atque
675 1525 835 1612 prudigia
857 1526 1077 1608 nuntiabant,
1100 1525 1157 1591 alii
1179 1545 1330 1591 conven-

210 1637 214 1653 ‘
286 1639 343 1700 tus
365 1634 447 1714 fieri,
470 1657 568 1702 arma
590 1642 735 1720 portari,
760 1635 903 1720 Capuae
925 1647 1031 1720 atque
1054 1635 1088 1700 in
1111 1633 1240 1718 Apulia
1262 1655 1329 1700 ser-

287 1743 353 1810 vile
375 1744 504 1810 bellum
528 1751 669 1811 moveri.
719 1745 837 1831 Igitur
860 1751 973 1812 senati
997 1746 1139 1812 decretu
1164 1744 1208 1829 Q.
1237 1744 1329 1809 Mar-

285 1853 357 1918 cius
379 1853 457 1918 Rex
478 1853 653 1934 Faesulas
676 1855 720 1940 Q.
744 1856 909 1921 Metellus
931 1853 1088 1920 Creticus
1108 1854 1143 1918 in
1164 1851 1329 1937 Apuliam

236 1982 267 2020 10
283 1961 483 2046 circumque
510 1984 550 2028 ea
575 1964 652 2030 loca
678 1963 853 2030 missi—ei
880 1969 1019 2047 utrique
1046 1963 1088 2028 ad
1118 1963 1240 2028 urbem
1267 1961 1329 2026 im-

286 2078 463 2155 peratures
489 2084 599 2153 erant,
625 2074 783 2158 impediti
808 2081 852 2140 ne
878 2073 1131 2158 triumpharent
1157 2070 1329 2138 calumnia

284 2187 486 2266 paucarum,
520 2183 645 2266 quibus
677 2183 794 2250 omnia
827 2184 976 2249 honesta
1008 2194 1112 2267 atque
1145 2181 1329 2248 inhonesta

286 2291 532 2356 venderemus
555 2294 751 2371 erat,—sed
773 2297 952 2378 praetures
975 2292 1019 2376 Q.
1045 2291 1233 2374 Pompeius
1258 2291 1329 2355 Ru-

286 2399 340 2465 lus
364 2398 531 2484 Capuam,
557 2401 600 2485 Q.
627 2402 795 2468 Metellus
820 2401 920 2468 Celer
942 2401 977 2466 in
1001 2423 1125 2487 agrum
1150 2400 1328 2479 Picenum,

235 2529 264 2580 Ι5
287 2515 405 2592 eisque
434 2509 641 2593 permissum
671 2517 723 2576 uti
752 2517 816 2596 pru
846 2521 1006 2595 tempore
1036 2522 1143 2596 atque
1173 2511 1328 2595 pericula

284 2617 477 2684 exercitum
504 2625 753 2703 compararent.
803 2620 965 2698 Adhuc,
993 2626 1021 2685 si
1047 2619 1123 2704 quis
1148 2619 1328 2686 indicavis-

284 2735 336 2792 set
358 2725 401 2792 de
424 2727 664 2796 coniuratiune
689 2752 777 2815 quae
800 2738 922 2798 contra
945 2752 1017 2798 rem
1041 2730 1215 2815 publicam
1240 2729 1329 2795 lacta

284 2845 365 2913 erat,
388 2838 580 2921 praemium
602 2847 701 2907 servu
725 2842 919 2909 libertatern
942 2853 976 2909 et
998 2841 1154 2908 sestertia
1177 2851 1328 2918 centum,

283 2945 391 3012 libere
409 2947 656 3032 impunitatem
672 2951 745 3017 eius
761 2959 809 3018 rei
828 2963 861 3020 et
878 2952 1034 3019 sestertia
1051 2952 1211 3030 ducenta,
1228 2951 1328 3016 item-

233 3079 267 3117 πο
287 3077 354 3139 que
380 3057 564 3126 decrevere
590 3067 644 3126 uti
671 3062 900 3146 gladiaturiae
927 3062 1076 3129 familiae
1106 3060 1264 3146 Capuam
1292 3070 1327 3127 et

284 3164 319 3230 in
337 3171 453 3233 cetera
472 3169 659 3253 municipia
679 3170 967 3238 distribuerentur
984 3178 1047 3256 pru
1068 3171 1235 3255 cuiusque
1255 3167 1329 3255 opi-

287 3274 361 3355 bus,
395 3276 531 3344 Rumae
562 3300 622 3362 per
653 3286 765 3344 tutam
795 3281 917 3346 urbem
948 3280 1086 3365 vigiliae
1117 3280 1330 3345 haberentur

286 3390 402 3470 easque
424 3386 576 3452 minares
598 3388 824 3473 magistratus
847 3399 1056 3473 praeessent.

357 3494 500 3562 XXXI.
528 3496 666 3581 Quibus
690 3498 792 3564 rebus
817 3504 976 3582 permuta
1001 3498 1122 3564 civitas
1147 3509 1253 3582 atque
1278 3497 1329 3562 in-

287 3609 425 3671 mutata
447 3605 542 3671 urbis
565 3605 669 3672 facies
693 3617 777 3672 erat.
826 3607 883 3672 Ex
907 3613 1041 3673 summa
1064 3607 1200 3673 laetitia
1223 3617 1328 3691 atque

284 3712 432 3792 lascivia,
456 3735 543 3798 quae
565 3714 727 3780 diuturna
749 3714 846 3799 quies
871 3726 1060 3800 pepererat,
1085 3726 1229 3799 repente
1253 3735 1328 3780 om-

288 3828 341 3889 nis
365 3823 504 3890 tristitia
530 3823 669 3903 invasit;
695 3825 868 3908 festinare,
897 3825 1082 3910 trepidare,
1110 3847 1223 3910 neque
1249 3824 1328 3890 locu

252 3963 265 4013 5
288 3954 400 4017 neque
426 3932 559 3999 homini
584 3933 747 4020 cuiquam
773 3935 856 4001 satis
883 3936 1032 4015 credere,
1059 3956 1173 4019 neque
1199 3934 1328 4000 bellum
