3092 4518
280 343 324 423 46
475 360 558 413 THE
585 360 833 414 CONSPIRACY
858 360 908 412 OF
934 359 1125 412 CATILlNE

282 549 385 623 atque
403 538 512 622 copiis
530 537 684 604 hostium
701 544 775 604 sese
793 539 959 616 clausum,
979 538 1013 602 in
1031 539 1114 603 urbe
1133 544 1187 603 res
1205 538 1326 603 advor-

228 675 260 713 ιο
284 655 348 726 sas
375 668 488 730 neque
514 647 618 730 lugae
643 667 756 729 neque
782 645 930 730 praesidi
955 647 1062 711 ullam
1088 667 1194 728 spem,
1222 657 1324 729 optu-

282 778 378 822 mum
400 756 496 821 iactis
518 765 614 820 ratus
636 754 671 819 in
694 754 755 820 tali
778 761 814 819 ra
836 755 1016 819 fortunam
1038 753 1117 819 belli
1141 761 1323 838 temptare,

281 865 405 932 statuit
428 887 507 931 cum
528 863 688 930 Antonio
712 869 989 947 quamprimum
1012 862 1209 946 confligere.

349 974 467 1059 Itaque
487 973 648 1040 contione
668 972 834 1038 advocata
855 971 995 1038 huiusce
1016 971 1109 1037 modi
1133 971 1323 1037 orationem

280 1084 415 1151 habuit:

346 1191 477 1258 LVIII.
513 1190 532 1218 “
548 1191 768 1276 Compertum
801 1212 866 1276 ego
898 1190 1018 1268 habeo,
1052 1189 1187 1268 militas
1221 1190 1322 1255 verba

279 1302 439 1368 virtirtem
476 1308 546 1368 nan
583 1301 716 1379 addere,
755 1321 863 1385 neque
900 1322 943 1366 ex
981 1300 1108 1384 ignava
1147 1305 1322 1364 strenuum

276 1433 388 1495 neque
411 1411 536 1478 fortem
560 1433 604 1477 ex
628 1411 752 1477 timido
777 1410 971 1476 exercitum
995 1408 1153 1476 oratione
1178 1409 1323 1493 impera-

276 1521 361 1587 toris
387 1520 470 1587 fieri.
523 1521 664 1605 Quanta
690 1520 858 1604 citiusque
885 1519 1002 1584 animo
1030 1518 1174 1584 audacia
1200 1524 1323 1584 natura

240 1651 254 1703 5
274 1641 332 1696 aut
351 1630 505 1696 moribus
525 1631 623 1709 inest,
643 1641 739 1696 tanta
758 1631 793 1695 in
812 1630 903 1695 bello
923 1635 1040 1713 patiere
1060 1628 1159 1695 solet.
1206 1628 1322 1713 Quem

274 1759 381 1821 neque
422 1738 533 1823 gloria
575 1759 683 1822 neque
723 1738 870 1821 pericula
913 1738 1072 1816 excitant,
1116 1744 1320 1821 nequiquam

274 1847 426 1926 hortere3
453 1847 559 1914 timor
584 1848 690 1913 animi
716 1848 856 1913 auribus
883 1847 1001 1912 officit.
1054 1847 1123 1914 Sed
1151 1869 1219 1931 ego
1247 1853 1320 1924 vos

273 1962 343 2040 qui)
362 1955 472 2041 pauca
491 1963 681 2035 monerem,
701 1956 881 2034 advocavi,
901 1956 1003 2021 simul
1023 1962 1074 2021 uti
1094 1976 1232 2022 causam
1253 1961 1322 2022 mei

272 2066 392 2132 cansili
411 2072 590 2151 aperirem.

223 2200 255 2238 ιο
345 2173 481 2241 “Scitis
508 2175 673 2259 equidem,
702 2174 838 2253 milites,
868 2153 1025 2239 socordia
1054 2183 1154 2258 atque
1182 2173 1319 2258 ignavia

273 2282 408 2348 Lentuli
431 2294 591 2367 quantam
615 2283 678 2367 ipsi
701 2285 865 2367 nobisque
888 2283 1018 2348 cladem
1043 2283 1211 2362 adtulerit,
1235 2289 1319 2366 quo-

271 2413 338 2476 qne
353 2393 471 2471 modo,
488 2392 572 2458 dum
588 2416 633 2459 ex
649 2394 734 2460 urbe
750 2393 918 2477 praesidia
933 2393 1106 2477 opperior,
1123 2393 1158 2458 in
1176 2392 1319 2459 Galliam

272 2499 436 2584 proficisci
452 2501 669 2585 nequiverim.
712 2502 745 2566 N
748 2522 814 2568 unc
830 2508 914 2567 vero
931 2508 1000 2585 quo
1019 2501 1094 2567 loco
1113 2508 1166 2567 ras
1184 2511 1319 2567 nostrae

272 2609 349 2688 sint,
371 2609 469 2677 iuxta
490 2617 628 2677 macum
650 2618 771 2677 omnes
793 2611 1003 2696 intellegitis,
1052 2610 1236 2676 Exercitus
1258 2610 1319 2675 ho-

222 2740 251 2790 ιε
270 2718 374 2784 stium
391 2719 473 2798 duo,
491 2725 581 2786 smus
598 2721 640 2786 ab
659 2721 754 2799 urbe,
772 2721 859 2786 alter
875 2726 896 2785 a
915 2719 1026 2786 Gallia
1043 2721 1183 2785 obstant
1190 2741 1198 2798 ;
1217 2719 1319 2784 diati-

270 2849 310 2894 us
328 2829 362 2893 in
379 2828 432 2894 his
449 2830 534 2896 locis
553 2851 639 2908 esse,
658 2835 685 2894 si
703 2835 870 2894 maxume
887 2828 1023 2894 animus
1041 2829 1136 2906 ierat,
1156 2828 1318 2894 frumenti

271 2946 371 3020 atque
391 2936 534 3002 aliarum
555 2943 668 3002 rarum
689 2943 821 3022 egestas
841 2937 1013 3021 prohibet3
1035 2943 1248 3021 quacumque
1268 2943 1316 3002 ire

271 3045 393 3130 placet,
420 3045 510 3112 ferro
538 3047 603 3112 iter
628 3046 857 3131 aperiundum
886 3057 947 3113 est.
1001 3045 1228 3130 Quapropter
1254 3052 1317 3111 vas

269 3161 397 3220 moneo
428 3161 479 3221 uti
509 3155 590 3222 lorti
620 3166 724 3240 atque
755 3162 876 3240 parato
906 3156 1023 3224 animo
1056 3154 1138 3233 sitis,
1172 3165 1205 3220 et
1237 3175 1317 3220 cum

219 3289 252 3328 20
269 3263 439 3346 proelium
457 3264 595 3344 inibitis,
614 3265 840 3331 memineritis
858 3271 921 3330 vas
940 3264 1087 3344 divitias
1106 3265 1222 3342 decuS,
1242 3264 1316 3348 gli)-

270 3373 365 3451 riam,
392 3380 572 3456 praeterea
599 3374 793 3440 libertatem
819 3385 925 3458 atque
952 3374 1097 3459 patriam
1124 3374 1159 3438 in
1186 3373 1316 3438 dextris

268 3488 392 3547 vostris
411 3488 557 3565 portare.
601 3481 638 3549 Si
655 3482 836 3562 vincimus,
856 3483 973 3549 omnia
990 3484 1090 3549 nobis
1110 3489 1185 3548 trita
1204 3491 1315 3560 erunt,

269 3595 475 3654 commeatus
490 3590 633 3668 abunda,
650 3591 834 3674 municipia
850 3602 950 3676 atque
966 3592 1119 3658 coloniae
1134 3591 1313 3676 patebunt;

268 3704 320 3764 sin
341 3704 436 3764 metir
458 3700 672 3778 cesserimus,
695 3701 816 3766 eadem
838 3701 893 3766 illa
914 3702 1059 3766 advorsa
1080 3701 1178 3780 fient;
1201 3721 1314 3784 neque

217 3833 248 3884 ²5
268 3807 364 3872 locus
386 3829 499 3892 neque
520 3815 652 3874 amicus
674 3809 858 3894 quisquam
880 3820 978 3894 teget
1000 3831 1105 3893 quem
1127 3831 1221 3874 arma
1243 3815 1314 3874 non

268 3914 426 3982 texerint.
474 3916 662 3996 Praeterea,
684 3917 819 3996 milites
841 3924 912 3983 non
935 3917 1052 3984 eadem
1072 3918 1170 3984 nabis
1193 3926 1225 3983 et
1247 3916 1313 3982 illis
