<?xml version="1.0" encoding="UTF-8"?>
<!DOCTYPE html PUBLIC "-//W3C//DTD XHTML 1.0 Transitional//EN"
    "http://www.w3.org/TR/xhtml1/DTD/xhtml1-transitional.dtd">
<html xmlns="http://www.w3.org/1999/xhtml" xml:lang="en" lang="en">
 <head>
  <title>
</title>
<meta http-equiv="Content-Type" content="text/html;charset=utf-8" />
  <meta name='ocr-system' content='tesseract 3.04.00' />
  <meta name='ocr-capabilities' content='ocr_page ocr_carea ocr_par ocr_line ocrx_word'/>
</head>
<body>
  <div class='ocr_page' id='page_1' title='image "./csallusticrispi00gudegoog_0204.png"; bbox 0 0 3060 4526; ppageno 0'>
   <div class='ocr_carea' id='block_1_1' title="bbox 241 349 300 416">
    <p class='ocr_par' dir='ltr' id='par_1_1' title="bbox 241 349 300 416">
     <span class='ocr_line' id='line_1_1' title="bbox 241 349 300 416; baseline 0.051 -19"><span class='ocrx_word' id='word_1_1' title='bbox 241 349 300 416; x_wconf 83' lang='lat'>150</span> 
     </span>
    </p>
   </div>
   <div class='ocr_carea' id='block_1_2' title="bbox 237 524 384 586">
    <p class='ocr_par' dir='ltr' id='par_1_2' title="bbox 237 524 384 586">
     <span class='ocr_line' id='line_1_2' title="bbox 237 524 384 586; baseline 0.007 -13"><span class='ocrx_word' id='word_1_2' title='bbox 237 535 277 586; x_wconf 86' lang='lat'>35,</span> <span class='ocrx_word' id='word_1_3' title='bbox 309 537 324 573; x_wconf 83' lang='lat'>2</span> <span class='ocrx_word' id='word_1_4' title='bbox 358 524 384 574; x_wconf 90' lang='lat' dir='ltr'>in</span> 
     </span>
    </p>
   </div>
   <div class='ocr_carea' id='block_1_3' title="bbox 236 605 632 673">
    <p class='ocr_par' dir='ltr' id='par_1_3' title="bbox 236 605 632 673">
     <span class='ocr_line' id='line_1_3' title="bbox 236 605 632 673; baseline -0.005 -16"><span class='ocrx_word' id='word_1_5' title='bbox 236 605 277 669; x_wconf 84' lang='lat'>36,</span> <span class='ocrx_word' id='word_1_6' title='bbox 292 620 322 657; x_wconf 90' lang='lat'>21</span> <span class='ocrx_word' id='word_1_7' title='bbox 357 623 440 673; x_wconf 84' lang='lat' dir='ltr'>aeque</span> <span class='ocrx_word' id='word_1_8' title='bbox 452 606 632 671; x_wconf 82' lang='lat' dir='ltr'>uti-Machly</span> 
     </span>
    </p>
   </div>
   <div class='ocr_carea' id='block_1_4' title="bbox 912 522 1015 572">
    <p class='ocr_par' dir='ltr' id='par_1_4' title="bbox 912 522 1015 572">
     <span class='ocr_line' id='line_1_4' title="bbox 912 522 1015 572; baseline 0 0"><span class='ocrx_word' id='word_1_9' title='bbox 912 522 939 572; x_wconf 92' lang='lat' dir='ltr'>in</span> <span class='ocrx_word' id='word_1_10' title='bbox 951 522 1015 572; x_wconf 85' lang='lat' dir='ltr'>meis</span> 
     </span>
    </p>
   </div>
   <div class='ocr_carea' id='block_1_5' title="bbox 914 606 1041 656">
    <p class='ocr_par' dir='ltr' id='par_1_5' title="bbox 914 606 1041 656">
     <span class='ocr_line' id='line_1_5' title="bbox 914 606 1041 656; baseline 0.008 -1"><span class='ocrx_word' id='word_1_11' title='bbox 914 621 945 655; x_wconf 84' lang='lat' dir='ltr'>ac</span> <span class='ocrx_word' id='word_1_12' title='bbox 962 606 1041 656; x_wconf 89' lang='lat' dir='ltr'>veluti</span> 
     </span>
    </p>
   </div>
   <div class='ocr_carea' id='block_1_6' title="bbox 236 689 1282 753">
    <p class='ocr_par' dir='ltr' id='par_1_6' title="bbox 236 689 1282 753">
     <span class='ocr_line' id='line_1_6' title="bbox 236 689 1282 753; baseline -0.002 -13"><span class='ocrx_word' id='word_1_13' title='bbox 236 703 277 753; x_wconf 77' lang='lat'>39,</span> <span class='ocrx_word' id='word_1_14' title='bbox 307 691 324 740; x_wconf 81' lang='lat'>6</span> <span class='ocrx_word' id='word_1_15' title='bbox 357 690 459 742; x_wconf 90' lang='lat' dir='ltr'>indiciis</span> <span class='ocrx_word' id='word_1_16' title='bbox 477 698 570 740; x_wconf 86' lang='lat' dir='ltr'>terrere</span> <span class='ocrx_word' id='word_1_17' title='bbox 588 704 665 753; x_wconf 91' lang='lat' dir='ltr'>quo.</span> <span class='ocrx_word' id='word_1_18' title='bbox 687 726 693 740; x_wconf 89' lang='lat'>.</span> <span class='ocrx_word' id='word_1_19' title='bbox 715 725 721 739; x_wconf 88' lang='lat'>.</span> <span class='ocrx_word' id='word_1_20' title='bbox 741 696 883 738; x_wconf 83' lang='lat' dir='ltr'>tractarent</span> <span class='ocrx_word' id='word_1_21' title='bbox 916 689 985 752; x_wconf 91' lang='lat' dir='ltr'>qui.</span> <span class='ocrx_word' id='word_1_22' title='bbox 1008 727 1014 739; x_wconf 90' lang='lat'>.</span> <span class='ocrx_word' id='word_1_23' title='bbox 1036 727 1042 738; x_wconf 94' lang='lat'><strong>.</strong></span> <span class='ocrx_word' id='word_1_24' title='bbox 1064 697 1212 748; x_wconf 85' lang='lat' dir='ltr'>tractarent,</span> <span class='ocrx_word' id='word_1_25' title='bbox 1245 689 1282 738; x_wconf 86' lang='lat' dir='ltr'>in·</span> 
     </span>
    </p>
   </div>
   <div class='ocr_carea' id='block_1_7' title="bbox 432 774 552 823">
    <p class='ocr_par' dir='ltr' id='par_1_7' title="bbox 432 774 552 823">
     <span class='ocr_line' id='line_1_7' title="bbox 432 774 552 823; baseline 0 -1"><span class='ocrx_word' id='word_1_26' title='bbox 432 774 552 823; x_wconf 90' lang='lat' dir='ltr'><em>—MSS.</em></span> 
     </span>
    </p>
   </div>
   <div class='ocr_carea' id='block_1_8' title="bbox 235 852 751 921">
    <p class='ocr_par' dir='ltr' id='par_1_8' title="bbox 235 852 751 921">
     <span class='ocr_line' id='line_1_8' title="bbox 235 852 751 921; baseline -0.004 -16"><span class='ocrx_word' id='word_1_27' title='bbox 235 868 277 916; x_wconf 84' lang='lat'>42,</span> <span class='ocrx_word' id='word_1_28' title='bbox 307 872 324 919; x_wconf 86' lang='lat'>9</span> <span class='ocrx_word' id='word_1_29' title='bbox 358 852 396 920; x_wconf 92' lang='lat' dir='ltr'>[in</span> <span class='ocrx_word' id='word_1_30' title='bbox 408 852 536 921; x_wconf 87' lang='lat' dir='ltr'>citeriore]</span> <span class='ocrx_word' id='word_1_31' title='bbox 549 854 751 906; x_wconf 81' lang='lat' dir='ltr'>Gallia-editor</span> 
     </span>
    </p>
   </div>
   <div class='ocr_carea' id='block_1_9' title="bbox 235 938 554 1413">
    <p class='ocr_par' dir='ltr' id='par_1_9' title="bbox 235 938 402 1002">
     <span class='ocr_line' id='line_1_9' title="bbox 235 938 402 1002; baseline 0.018 -3"><span class='ocrx_word' id='word_1_32' title='bbox 235 951 323 1000; x_wconf 63' lang='lat'>441³</span> <span class='ocrx_word' id='word_1_33' title='bbox 357 938 402 1002; x_wconf 71' lang='lat' dir='ltr'>qui</span> 
     </span>
    </p>

    <p class='ocr_par' dir='ltr' id='par_1_10' title="bbox 235 1023 450 1082">
     <span class='ocr_line' id='line_1_10' title="bbox 235 1023 450 1082; baseline 0 -12"><span class='ocrx_word' id='word_1_34' title='bbox 235 1023 322 1082; x_wconf 85' lang='lat'><strong>46,15</strong></span> <span class='ocrx_word' id='word_1_35' title='bbox 358 1030 450 1070; x_wconf 86' lang='lat' dir='ltr'>tenens</span> 
     </span>
    </p>

    <p class='ocr_par' dir='ltr' id='par_1_11' title="bbox 235 1104 463 1168">
     <span class='ocr_line' id='line_1_11' title="bbox 235 1104 463 1168; baseline 0.004 -15"><span class='ocrx_word' id='word_1_36' title='bbox 235 1117 276 1168; x_wconf 84' lang='lat'>49,</span> <span class='ocrx_word' id='word_1_37' title='bbox 310 1117 325 1166; x_wconf 85' lang='lat'>3</span> <span class='ocrx_word' id='word_1_38' title='bbox 359 1104 463 1168; x_wconf 83' lang='lat' dir='ltr'>quivere</span> 
     </span>
    </p>

    <p class='ocr_par' dir='ltr' id='par_1_12' title="bbox 237 1189 424 1252">
     <span class='ocr_line' id='line_1_12' title="bbox 237 1189 424 1252; baseline 0 -15"><span class='ocrx_word' id='word_1_39' title='bbox 237 1200 276 1249; x_wconf 92' lang='lat'>51,</span> <span class='ocrx_word' id='word_1_40' title='bbox 308 1189 322 1236; x_wconf 88' lang='lat'>8</span> <span class='ocrx_word' id='word_1_41' title='bbox 356 1203 424 1252; x_wconf 89' lang='lat' dir='ltr'>quae</span> 
     </span>
    </p>

    <p class='ocr_par' dir='ltr' id='par_1_13' title="bbox 237 1270 554 1413">
     <span class='ocr_line' id='line_1_13' title="bbox 237 1270 554 1332; baseline 0.003 -13"><span class='ocrx_word' id='word_1_42' title='bbox 237 1282 276 1331; x_wconf 88' lang='lat'>51,</span> <span class='ocrx_word' id='word_1_43' title='bbox 292 1282 322 1332; x_wconf 86' lang='lat'>35</span> <span class='ocrx_word' id='word_1_44' title='bbox 358 1270 554 1321; x_wconf 87' lang='lat' dir='ltr'>coniubuissent</span> 
     </span>
     <span class='ocr_line' id='line_1_14' title="bbox 237 1352 469 1413; baseline -0.004 -12"><span class='ocrx_word' id='word_1_45' title='bbox 237 1363 277 1412; x_wconf 91' lang='lat'>51,</span> <span class='ocrx_word' id='word_1_46' title='bbox 293 1363 323 1413; x_wconf 87' lang='lat'>57</span> <span class='ocrx_word' id='word_1_47' title='bbox 357 1352 469 1401; x_wconf 87' lang='lat' dir='ltr'>severior</span> 
     </span>
    </p>
   </div>
   <div class='ocr_carea' id='block_1_10' title="bbox 237 1434 798 1499">
    <p class='ocr_par' dir='ltr' id='par_1_14' title="bbox 237 1434 798 1499">
     <span class='ocr_line' id='line_1_15' title="bbox 237 1434 798 1499; baseline 0 -15"><span class='ocrx_word' id='word_1_48' title='bbox 237 1445 276 1499; x_wconf 87' lang='grc'>51,</span> <span class='ocrx_word' id='word_1_49' title='bbox 290 1436 322 1496; x_wconf 87' lang='lat'>67</span> <span class='ocrx_word' id='word_1_50' title='bbox 357 1435 478 1494; x_wconf 90' lang='lat' dir='ltr'>consulis,</span> <span class='ocrx_word' id='word_1_51' title='bbox 493 1435 625 1484; x_wconf 87' lang='lat' dir='ltr'>clarissimi</span> <span class='ocrx_word' id='word_1_52' title='bbox 636 1434 798 1484; x_wconf 79' lang='lat' dir='ltr'>viri-editor</span> 
     </span>
    </p>
   </div>
   <div class='ocr_carea' id='block_1_11' title="bbox 237 1518 599 1749">
    <p class='ocr_par' dir='ltr' id='par_1_15' title="bbox 237 1518 599 1749">
     <span class='ocr_line' id='line_1_16' title="bbox 237 1518 476 1579; baseline -0.004 -12"><span class='ocrx_word' id='word_1_53' title='bbox 237 1529 277 1578; x_wconf 91' lang='lat'>51,</span> <span class='ocrx_word' id='word_1_54' title='bbox 291 1519 323 1579; x_wconf 90' lang='lat'>87</span> <span class='ocrx_word' id='word_1_55' title='bbox 357 1533 388 1567; x_wconf 87' lang='lat' dir='ltr'>ex</span> <span class='ocrx_word' id='word_1_56' title='bbox 400 1518 476 1567; x_wconf 90' lang='lat' dir='ltr'>bonis</span> 
     </span>
     <span class='ocr_line' id='line_1_17' title="bbox 237 1602 412 1662; baseline 0 -12"><span class='ocrx_word' id='word_1_57' title='bbox 237 1611 276 1662; x_wconf 89' lang='lat'>51,</span> <span class='ocrx_word' id='word_1_58' title='bbox 291 1602 322 1650; x_wconf 84' lang='lat'>88</span> <span class='ocrx_word' id='word_1_59' title='bbox 357 1602 412 1650; x_wconf 87' lang='lat' dir='ltr'>eius</span> 
     </span>
     <span class='ocr_line' id='line_1_18' title="bbox 237 1685 599 1749; baseline 0.003 -16"><span class='ocrx_word' id='word_1_60' title='bbox 237 1696 277 1746; x_wconf 92' lang='lat'>51,</span> <span class='ocrx_word' id='word_1_61' title='bbox 294 1698 340 1748; x_wconf 82' lang='lat'>109</span> <span class='ocrx_word' id='word_1_62' title='bbox 358 1685 421 1734; x_wconf 86' lang='lat' dir='ltr'>haec</span> <span class='ocrx_word' id='word_1_63' title='bbox 435 1685 599 1749; x_wconf 83' lang='lat' dir='ltr'>ego-editor</span> 
     </span>
    </p>
   </div>
   <div class='ocr_carea' id='block_1_12' title="bbox 237 1768 706 1828">
    <p class='ocr_par' dir='ltr' id='par_1_16' title="bbox 237 1768 706 1828">
     <span class='ocr_line' id='line_1_19' title="bbox 237 1768 706 1828; baseline -0.002 -13"><span class='ocrx_word' id='word_1_64' title='bbox 237 1778 276 1827; x_wconf 86' lang='lat'>52,</span> <span class='ocrx_word' id='word_1_65' title='bbox 292 1779 322 1828; x_wconf 86' lang='lat'>35</span> <span class='ocrx_word' id='word_1_66' title='bbox 358 1768 474 1816; x_wconf 85' lang='lat' dir='ltr'>nominat</span> <span class='ocrx_word' id='word_1_67' title='bbox 482 1770 561 1818; x_wconf 89' lang='lat' dir='ltr'><em>?—E.</em></span> <span class='ocrx_word' id='word_1_68' title='bbox 583 1768 706 1817; x_wconf 81' lang='lat' dir='ltr'>Woerncr</span> 
     </span>
    </p>
   </div>
   <div class='ocr_carea' id='block_1_13' title="bbox 237 1850 600 1996">
    <p class='ocr_par' dir='ltr' id='par_1_17' title="bbox 237 1850 600 1996">
     <span class='ocr_line' id='line_1_20' title="bbox 237 1850 600 1916; baseline 0.006 -18"><span class='ocrx_word' id='word_1_69' title='bbox 237 1861 278 1916; x_wconf 83' lang='lat'>52,</span> <span class='ocrx_word' id='word_1_70' title='bbox 292 1861 324 1913; x_wconf 80' lang='lat'>79</span> <span class='ocrx_word' id='word_1_71' title='bbox 358 1850 422 1899; x_wconf 87' lang='lat' dir='ltr'>haec</span> <span class='ocrx_word' id='word_1_72' title='bbox 435 1851 600 1914; x_wconf 82' lang='lat' dir='ltr'>ego—editor</span> 
     </span>
     <span class='ocr_line' id='line_1_21' title="bbox 238 1933 531 1996; baseline -0.003 -14"><span class='ocrx_word' id='word_1_73' title='bbox 238 1944 276 1992; x_wconf 86' lang='lat'>53,</span> <span class='ocrx_word' id='word_1_74' title='bbox 291 1944 325 1982; x_wconf 77' lang='lat'>20</span> <span class='ocrx_word' id='word_1_75' title='bbox 357 1933 531 1996; x_wconf 88' lang='lat' dir='ltr'>viparentum</span> 
     </span>
    </p>
   </div>
   <div class='ocr_carea' id='block_1_14' title="bbox 237 2015 617 2077">
    <p class='ocr_par' dir='ltr' id='par_1_18' title="bbox 237 2015 617 2077">
     <span class='ocr_line' id='line_1_22' title="bbox 237 2015 617 2077; baseline -0.003 -10"><span class='ocrx_word' id='word_1_76' title='bbox 237 2023 275 2077; x_wconf 84' lang='grc'>55,</span> <span class='ocrx_word' id='word_1_77' title='bbox 306 2029 322 2076; x_wconf 91' lang='grc'>4</span> <span class='ocrx_word' id='word_1_78' title='bbox 356 2015 617 2066; x_wconf 76' lang='lat' dir='ltr'>tresviros—Dietsclr</span> 
     </span>
    </p>
   </div>
   <div class='ocr_carea' id='block_1_15' title="bbox 236 2098 592 2410">
    <p class='ocr_par' dir='ltr' id='par_1_19' title="bbox 237 2098 462 2158">
     <span class='ocr_line' id='line_1_23' title="bbox 237 2098 462 2158; baseline 0.013 -14"><span class='ocrx_word' id='word_1_79' title='bbox 237 2099 323 2158; x_wconf 70' lang='grc'>5516</span> <span class='ocrx_word' id='word_1_80' title='bbox 357 2098 462 2148; x_wconf 79' lang='lat' dir='ltr'>exitium</span> 
     </span>
    </p>

    <p class='ocr_par' dir='ltr' id='par_1_20' title="bbox 237 2182 592 2324">
     <span class='ocr_line' id='line_1_24' title="bbox 237 2182 592 2246; baseline 0.006 -16"><span class='ocrx_word' id='word_1_81' title='bbox 237 2192 322 2242; x_wconf 83' lang='grc'>57,17</span> <span class='ocrx_word' id='word_1_82' title='bbox 357 2182 592 2246; x_wconf 80' lang='lat' dir='ltr'>expedito-Wirr</span> 
     </span>
     <span class='ocr_line' id='line_1_25' title="bbox 237 2264 396 2324; baseline 0 -12"><span class='ocrx_word' id='word_1_83' title='bbox 237 2265 276 2324; x_wconf 87' lang='lat'>58,</span> <span class='ocrx_word' id='word_1_84' title='bbox 291 2275 323 2324; x_wconf 81' lang='lat'>24</span> <span class='ocrx_word' id='word_1_85' title='bbox 357 2264 396 2312; x_wconf 89' lang='lat' dir='ltr'>sin</span> 
     </span>
    </p>

    <p class='ocr_par' dir='ltr' id='par_1_21' title="bbox 236 2347 527 2410">
     <span class='ocr_line' id='line_1_26' title="bbox 236 2347 527 2410; baseline 0.007 -15"><span class='ocrx_word' id='word_1_86' title='bbox 236 2347 276 2407; x_wconf 87' lang='lat'>58,</span> <span class='ocrx_word' id='word_1_87' title='bbox 291 2359 324 2408; x_wconf 82' lang='lat'>30</span> <span class='ocrx_word' id='word_1_88' title='bbox 357 2347 527 2410; x_wconf 84' lang='lat' dir='ltr'>adgredimini</span> 
     </span>
    </p>
   </div>
   <div class='ocr_carea' id='block_1_16' title="bbox 913 772 1190 2414">
    <p class='ocr_par' dir='ltr' id='par_1_22' title="bbox 913 772 1190 2414">
     <span class='ocr_line' id='line_1_27' title="bbox 978 772 1157 821; baseline 0 -1"><span class='ocrx_word' id='word_1_89' title='bbox 978 772 1052 821; x_wconf 91' lang='lat' dir='ltr'>diciis</span> <span class='ocrx_word' id='word_1_90' title='bbox 1064 781 1157 821; x_wconf 87' lang='lat' dir='ltr'>terrere</span> 
     </span>
     <span class='ocr_line' id='line_1_28' title="bbox 917 854 1132 904; baseline -0.009 0"><span class='ocrx_word' id='word_1_91' title='bbox 917 854 1033 904; x_wconf 89' lang='lat' dir='ltr'>citeriore</span> <span class='ocrx_word' id='word_1_92' title='bbox 1047 854 1132 904; x_wconf 86' lang='lat' dir='ltr'>Gallia</span> 
     </span>
     <span class='ocr_line' id='line_1_29' title="bbox 916 937 974 1001; baseline 0.017 -16"><span class='ocrx_word' id='word_1_93' title='bbox 916 937 974 1001; x_wconf 88' lang='lat' dir='ltr'>quis</span> 
     </span>
     <span class='ocr_line' id='line_1_30' title="bbox 918 1020 1179 1070; baseline 0 0"><span class='ocrx_word' id='word_1_94' title='bbox 918 1028 1009 1070; x_wconf 86' lang='lat' dir='ltr'>tenens</span> <span class='ocrx_word' id='word_1_95' title='bbox 1021 1020 1048 1069; x_wconf 92' lang='lat' dir='ltr'>in</span> <span class='ocrx_word' id='word_1_96' title='bbox 1060 1027 1179 1070; x_wconf 87' lang='lat' dir='ltr'>senatum</span> 
     </span>
     <span class='ocr_line' id='line_1_31' title="bbox 920 1111 1026 1166; baseline 0 -14"><span class='ocrx_word' id='word_1_97' title='bbox 920 1111 1026 1166; x_wconf 91' lang='lat' dir='ltr'>potuere</span> 
     </span>
     <span class='ocr_line' id='line_1_32' title="bbox 917 1187 961 1250; baseline 0 -15"><span class='ocrx_word' id='word_1_98' title='bbox 917 1187 961 1250; x_wconf 91' lang='lat' dir='ltr'>qui</span> 
     </span>
     <span class='ocr_line' id='line_1_33' title="bbox 917 1270 1093 1320; baseline 0.006 -1"><span class='ocrx_word' id='word_1_99' title='bbox 917 1270 1093 1320; x_wconf 88' lang='lat' dir='ltr'>conlubuisset</span> 
     </span>
     <span class='ocr_line' id='line_1_34' title="bbox 915 1352 1016 1401; baseline 0.01 -1"><span class='ocrx_word' id='word_1_100' title='bbox 915 1352 1016 1401; x_wconf 85' lang='lat' dir='ltr'>saevior</span> 
     </span>
     <span class='ocr_line' id='line_1_35' title="bbox 917 1435 1174 1494; baseline 0.004 -11"><span class='ocrx_word' id='word_1_101' title='bbox 917 1435 978 1485; x_wconf 90' lang='lat' dir='ltr'>ciar.</span> <span class='ocrx_word' id='word_1_102' title='bbox 993 1435 1048 1494; x_wconf 91' lang='lat' dir='ltr'>viri,</span> <span class='ocrx_word' id='word_1_103' title='bbox 1062 1435 1174 1485; x_wconf 87' lang='lat' dir='ltr'>consulis</span> 
     </span>
     <span class='ocr_line' id='line_1_36' title="bbox 915 1518 1122 1568; baseline 0.005 -1"><span class='ocrx_word' id='word_1_104' title='bbox 915 1534 947 1567; x_wconf 86' lang='lat' dir='ltr'>ex</span> <span class='ocrx_word' id='word_1_105' title='bbox 959 1520 1035 1568; x_wconf 88' lang='lat' dir='ltr'>rebus</span> <span class='ocrx_word' id='word_1_106' title='bbox 1047 1518 1122 1568; x_wconf 82' lang='lat' dir='ltr'>bonis</span> 
     </span>
     <span class='ocr_line' id='line_1_37' title="bbox 919 1597 996 1665; baseline 0 -15"><span class='ocrx_word' id='word_1_107' title='bbox 919 1597 996 1665; x_wconf 87' lang='lat' dir='ltr'>[eius]</span> 
     </span>
     <span class='ocr_line' id='line_1_38' title="bbox 916 1686 1042 1749; baseline 0.016 -16"><span class='ocrx_word' id='word_1_108' title='bbox 916 1700 966 1749; x_wconf 87' lang='lat' dir='ltr'>ego</span> <span class='ocrx_word' id='word_1_109' title='bbox 978 1686 1042 1735; x_wconf 85' lang='lat' dir='ltr'>haec</span> 
     </span>
     <span class='ocr_line' id='line_1_39' title="bbox 916 1769 1034 1818; baseline 0.025 -3"><span class='ocrx_word' id='word_1_110' title='bbox 916 1769 1034 1818; x_wconf 87' lang='lat' dir='ltr'>nominat</span> 
     </span>
     <span class='ocr_line' id='line_1_40' title="bbox 916 1852 1042 1915; baseline 0.024 -16"><span class='ocrx_word' id='word_1_111' title='bbox 916 1866 965 1915; x_wconf 87' lang='lat' dir='ltr'>ego</span> <span class='ocrx_word' id='word_1_112' title='bbox 977 1852 1042 1902; x_wconf 86' lang='lat' dir='ltr'>haec</span> 
     </span>
     <span class='ocr_line' id='line_1_41' title="bbox 916 1942 1022 1998; baseline 0.019 -16"><span class='ocrx_word' id='word_1_113' title='bbox 916 1942 1022 1998; x_wconf 86' lang='lat' dir='ltr'>parente</span> 
     </span>
     <span class='ocr_line' id='line_1_42' title="bbox 916 2017 1061 2068; baseline 0.007 -1"><span class='ocrx_word' id='word_1_114' title='bbox 916 2017 1061 2068; x_wconf 89' lang='lat' dir='ltr'>triumviros</span> 
     </span>
     <span class='ocr_line' id='line_1_43' title="bbox 917 2101 1014 2151; baseline 0 -1"><span class='ocrx_word' id='word_1_115' title='bbox 917 2101 1014 2151; x_wconf 84' lang='lat' dir='ltr'>exitum</span> 
     </span>
     <span class='ocr_line' id='line_1_44' title="bbox 918 2181 1190 2250; baseline 0.004 -16"><span class='ocrx_word' id='word_1_116' title='bbox 918 2184 1053 2249; x_wconf 86' lang='lat' dir='ltr'>expeditus</span> <span class='ocrx_word' id='word_1_117' title='bbox 1065 2182 1102 2250; x_wconf 91' lang='lat' dir='ltr'>[in</span> <span class='ocrx_word' id='word_1_118' title='bbox 1115 2181 1190 2250; x_wconf 76' lang='lat' dir='ltr'><strong>fuga]</strong></span> 
     </span>
     <span class='ocr_line' id='line_1_45' title="bbox 916 2267 939 2316; baseline -0.043 0"><span class='ocrx_word' id='word_1_119' title='bbox 916 2267 939 2316; x_wconf 84' lang='lat' dir='ltr'>si</span> 
     </span>
     <span class='ocr_line' id='line_1_46' title="bbox 913 2349 1102 2414; baseline 0.011 -16"><span class='ocrx_word' id='word_1_120' title='bbox 913 2349 1102 2414; x_wconf 82' lang='lat' dir='ltr'>adgrediamini</span> 
     </span>
    </p>
   </div>
   <div class='ocr_carea' id='block_1_17' title="bbox 0 0 1534 4526">
    <p class='ocr_par' dir='ltr' id='par_1_23' title="bbox 0 0 1534 4526">
     <span class='ocr_line' id='line_1_47' title="bbox 0 0 1534 4526; baseline 0 0"><span class='ocrx_word' id='word_1_121' title='bbox 0 0 1534 4526; x_wconf 95' lang='lat' dir='ltr'> </span> 
     </span>
    </p>
   </div>
  </div>
 </body>
</html>
