3050 4522
277 349 318 395 22
471 349 554 400 THE
580 347 828 402 CONSPIRACY
854 348 904 400 OF
929 345 1120 399 CATILINE

278 538 485 613 antecapere
508 549 597 612 quae
620 527 710 593 belli)
733 533 812 592 [isui
834 527 959 605 forent,
983 535 1087 590 nocte
1111 524 1320 608 intempesta

280 659 358 703 cum
383 643 503 722 paucis
528 637 563 701 in
590 635 767 701 Manliana
793 645 907 700 castra
934 634 1113 718 profectus
1139 642 1199 698 est.
1251 631 1319 698 Sed

280 745 432 831 Cethegi)
468 755 567 829 atque
601 745 747 810 Lentule}
782 750 977 827 ceterIsque,
1012 749 1158 826 querum
1194 747 1320 825 cogni)-

276 867 373 922 verat
388 861 588 939 promptam
603 853 795 933 audaciam,
812 853 965 932 mandat,
983 851 1108 936 quibus
1123 852 1226 916 rebus
1241 871 1320 933 pos-

228 993 259 1029 10
276 965 355 1044 sint,
375 971 459 1048 opes
478 963 638 1030 factisuis
657 962 875 1041 cr'mfirment,
895 961 1036 1027 insidias
1055 961 1188 1026 cunsuli
1207 965 1320 1025 matri-

278 1084 364 1154 rent,
388 1074 539 1154 caedem,
563 1071 722 1138 incendia
745 1072 881 1155 aliaque
903 1071 984 1136 belli
1006 1070 1159 1136 facinora
1183 1078 1319 1153 parent:

278 1189 352 1248 sese
373 1205 480 1268 prope
502 1183 593 1249 diem
615 1203 695 1248 cum
717 1187 848 1266 magni>
871 1179 1031 1247 exercitii
1053 1179 1098 1245 ad
1120 1179 1243 1244 urbem
1264 1200 1320 1244 ac-

279 1299 464 1358 cessurum.

348 1401 532 1466 XXXIII.
559 1401 656 1466 Dum
677 1400 763 1466 haec
788 1399 924 1466 Rr'imae
948 1407 1128 1485 geruntur,
1155 1396 1193 1464 C.
1220 1397 1320 1462 Mau-

276 1510 341 1576 lius
356 1533 400 1577 ex
415 1517 479 1576 suf)
494 1516 639 1576 numeri)
655 1510 791 1594 legatus
807 1509 852 1574 ad
869 1507 1042 1575 Marcium
1059 1507 1195 1593 Regem
1212 1506 1319 1572 mittit

277 1641 357 1685 cum
373 1621 546 1685 mandatis
563 1619 706 1684 huiusce
723 1619 833 1684 modi:
1274 1627 1278 1636 '

345 1726 363 1753 “
379 1728 476 1794 Deris
519 1728 747 1811 hominesque
791 1733 972 1806 testamur,
1016 1727 1214 1810 imperator,
1258 1733 1322 1792 mis

242 1863 256 1912 5
277 1857 371 1902 arma
393 1858 505 1920 neque
530 1843 650 1902 contra
674 1837 820 1920 patriam
845 1836 976 1920 cepisse
1001 1858 1114 1920 neque
1139 1843 1209 1920 qur')
1235 1843 1321 1920 peri-

276 1946 391 2011 culum
410 1946 482 2011 aliis
501 1947 702 2024 faceremus
722 1946 781 2011 sed
801 1952 852 2011 uti
871 1966 1018 2028 corpora
1038 1956 1154 2010 nostra
1173 1947 1215 2012 ab
1235 1945 1322 2010 iniu-

280 2054 330 2118 ria
358 2061 432 2119 tuta
462 2054 574 2122 forent
601 2061 667 2138 qui,
698 2055 823 2132 miseri,
853 2061 1001 2140 egentes
1032 2055 1193 2119 violentia
1222 2064 1321 2137 atque

278 2163 476 2230 crudelitate
506 2163 758 2229 faeneraturum
786 2163 937 2247 plerique
965 2163 1085 2246 patria,
1117 2163 1175 2228 sed
1204 2169 1321 2228 omnes

277 2273 368 2339 fama
389 2283 494 2358 atque
516 2273 664 2338 fortunis
685 2279 844 2357 expertes
867 2293 986 2338 sumus
994 2295 1001 2352 ;
1025 2295 1138 2356 neque
1161 2273 1321 2356 cuiquam

228 2391 434 2450 mnostrum
456 2382 551 2448 licuit
573 2389 670 2448 mure
692 2383 865 2447 mairirum
887 2383 965 2466 lege
987 2388 1039 2448 frti
1060 2403 1173 2466 neque
1195 2382 1322 2447 amissi)

278 2491 487 2574 patrimr'mir'i
524 2491 670 2556 liberum
708 2513 835 2575 corpus
872 2491 1013 2570 habere;
1052 2501 1146 2556 tanta
1184 2491 1323 2556 saevitia

277 2600 528 2665 faeneratorum
561 2611 666 2684 atque
699 2600 865 2684 praeturis
898 2600 972 2666 fuit.
1031 2599 1143 2684 Saepe
1177 2600 1323 2666 maibres

278 2718 435 2774 vostrum
463 2709 604 2774 miseriti
632 2709 740 2794 plebis
769 2709 951 2776 Ruminae
979 2710 1125 2775 decretiS
1153 2717 1222 2776 suis
1250 2710 1322 2798 ino-

277 2818 352 2901 piae
374 2817 447 2883 eius
469 2819 632 2902 opitulati
654 2830 744 2897 sunt,
767 2841 807 2885 ac
830 2819 1031 2884 novissume
1054 2819 1222 2885 memoria
1245 2841 1323 2885 nos-

229 2961 258 3011 15
276 2933 328 2992 tra
345 2937 487 3010 propter
503 2927 782 3012 magnitudinem
800 2928 886 2994 aeris
904 2929 1015 3007 alieni,
1034 2929 1232 2994 volentibus
1250 2950 1324 2994 om-

278 3036 379 3101 nibus
400 3037 510 3115 bonis,
532 3048 717 3122 argentum
738 3059 814 3104 aere
835 3029 989 3103 solutum
1011 3049 1072 3104 est.
1120 3036 1230 3122 Saepe
1252 3035 1324 3120 ipsa

279 3145 406 3229 plebes
434 3156 493 3211 aut
520 3146 721 3212 dominandi
748 3148 863 3213 studir')
891 3155 1051 3232 permuta
1078 3161 1137 3214 aut
1165 3147 1324 3232 superbiai

280 3254 556 3338 magistratuum,
586 3263 716 3322 armata
745 3263 765 3322 a
793 3258 951 3341 patribus
980 3259 1127 3324 secessit.
1182 3259 1231 3324 At
1260 3265 1324 3323 nris

278 3369 348 3427 nim
368 3363 551 3447 imperium
571 3387 683 3449 neque
704 3366 840 3433 divitias
860 3367 1021 3451 petimus,
1043 3375 1190 3451 quarum
1210 3374 1324 3432 rerum

228 3500 262 3537 20
281 3477 382 3537 causa
415 3472 504 3538 bella
536 3483 641 3558 atque
676 3475 864 3541 certamina
898 3477 1015 3542 omnia
1049 3476 1138 3543 inter
1171 3477 1325 3541 mortalis

280 3591 370 3658 sunt,
392 3582 451 3647 sed
470 3583 665 3650 llbertatem
686 3605 790 3668 quam
811 3592 916 3651 nemi)
936 3587 1050 3651 bonus
1071 3586 1134 3650 nisi
1154 3607 1233 3650 cum
1254 3586 1324 3650 ani-

281 3693 338 3753 ma
368 3688 469 3753 simul
499 3690 635 3756 amittit.
689 3691 741 3756 Te
771 3702 875 3775 atque
907 3699 1068 3758 senatum
1099 3693 1325 3765 obtestamur,

281 3797 466 3862 cumulatis
502 3798 634 3864 miseris
670 3801 813 3878 civibus
850 3801 936 3885 legis
973 3799 1193 3884 praesidium,
1231 3798 1325 3882 quod

267 3903 442 3988 ¹iniquitas
461 3907 629 3990 praeturis
647 3908 785 3993 eripuit,
805 3908 1004 3989 restituatis,
1023 3915 1110 3974 neve
1129 3908 1230 3974 n6b1s
1249 3927 1324 3973 eam
