3050 4522
380 349 462 402 THE
489 348 738 403 CONSPIRACY
763 349 813 402 OF
838 348 1030 402 CATlLlNE
1184 349 1223 413 23

181 527 470 593 necessitudinem
507 527 704 612 impetretis,
742 537 780 593 ut
816 533 1033 612 quaeremus
1071 533 1223 611 quenam
1242 549 1272 598 25

179 637 285 701 modci
305 641 470 702 maxume
488 637 552 702 ulti
571 635 777 721 sanguinem
796 647 954 702 nostrum
973 636 1188 720 pereemus'’

250 745 429 812 XXXIV.
450 744 508 811 Ad
527 746 613 811 haec
634 746 678 830 Q.
702 745 855 810 Mercius
876 743 1070 828 respondit:
1092 751 1118 811 si
1140 745 1223 830 quid

180 855 223 920 ab
241 860 362 920 senetri
380 865 499 939 petere
517 855 655 936 vellent,
674 854 718 920 ab
736 859 841 920 armis
860 854 1052 934 discedant,
1072 855 1223 920 Remam

180 964 350 1047 supplices
366 963 645 1048 proficiscantur;
661 969 701 1030 eit
717 963 984 1030 mensuetudine
1001 973 1107 1048 atque
1124 965 1223 1030 mise-

180 1071 325 1138 ricordie
341 1079 501 1139 senetum
519 1073 641 1156 populi
660 1072 811 1138 Remini
828 1094 964 1157 semper
980 1073 1094 1151 luisse,
1112 1085 1149 1140 ut
1167 1080 1224 1139 ne-

181 1187 238 1246 md
259 1203 426 1266 umquam
447 1182 490 1248 ab
511 1188 554 1248 eb
575 1182 702 1248 frustrat
722 1182 893 1248 auxilium
913 1183 1087 1267 petiverit.
1243 1215 1256 1266 5

249 1290 299 1357 At
337 1290 488 1357 Catilina
524 1313 569 1358 ex
604 1291 729 1358 itinere
765 1293 936 1378 plerisque
973 1293 1222 1370 censuliribus,

181 1406 356 1484 praetereat
376 1407 524 1484 optume
545 1401 670 1486 cuique
690 1401 823 1468 litteris
844 1401 964 1480 mittit,
987 1408 1024 1468 se
1044 1402 1138 1468 falsis
1159 1409 1223 1468 cri-

179 1509 327 1574 minibus
347 1509 631 1590 circumventum,
653 1511 820 1595 quoniam
840 1511 983 1577 lactibni
1003 1510 1223 1578 inimicerum

182 1618 342 1684 resistere
372 1619 575 1703 nequiverit,
608 1620 771 1686 fortunae
801 1621 932 1699 cedere,
966 1619 1158 1686 Massiliam
1188 1621 1223 1686 in

183 1728 342 1794 exsilium
367 1728 549 1812 proficisci,
577 1735 647 1794 nen
674 1735 744 1814 que
770 1729 833 1795 sibi
860 1735 951 1796 tanti
977 1729 1115 1796 sceleris
1141 1736 1223 1796 cen·
1244 1761 1275 1798 10

180 1836 269 1902 scius
292 1848 392 1915 esset,
417 1837 477 1903 sed
502 1844 553 1903 uti
577 1845 630 1904 res
655 1838 792 1922 publica
815 1838 932 1922 quieta
953 1839 1043 1905 loret
1066 1845 1153 1904 neve
1179 1859 1223 1904 ex

183 1953 243 2012 sue
268 1947 496 2013 contentic'me
520 1947 646 2013 seditic')
670 1954 836 2013 oreretur.
885 1947 942 2013 Ab
967 1948 1019 2014 his
1043 1948 1149 2032 longe
1174 1950 1224 2015 di-

182 2062 300 2121 vorsis
326 2056 458 2122 litteris
485 2056 529 2141 Q.
558 2055 706 2123 Catulus
731 2056 766 2121 in
793 2062 915 2122 senitui
942 2056 1109 2136 recitevit
1138 2063 1223 2142 quas

183 2164 244 2230 sibi
268 2165 408 2231 nemine
434 2164 606 2232 Catilinae
630 2165 782 2232 redditis
807 2165 955 2232 dIcebat.
1006 2165 1138 2232 Eerum
1164 2188 1224 2232 ex-

183 2274 334 2358 emplum
354 2274 440 2339 iniri
459 2281 628 2359 scriptum
648 2286 714 2341 est:
1244 2299 1273 2350 15

249 2382 408 2449 XXXV.
437 2383 455 2409 “
471 2383 510 2449 L.
543 2383 690 2450 Catilina
720 2383 764 2468 Q.
796 2383 931 2451 Catule.
984 2368 1139 2470 Egregia
1166 2395 1225 2451 tua

182 2491 263 2557 fides
284 2498 321 2557 re
342 2492 488 2577 cognita,
511 2499 610 2578 greta
630 2493 712 2558 mihi
735 2499 869 2577 megnis
891 2494 925 2558 in
945 2495 1110 2577 periculis,
1135 2493 1224 2559 lidri-

182 2603 266 2668 ciam
298 2603 585 2668 conmendatibni
614 2624 712 2670 meae
743 2603 872 2670 tribuit.
927 2603 1045 2688 Quam
1077 2605 1123 2670 ob
1153 2624 1225 2670 rem

182 2710 415 2777 defensicinem
434 2711 468 2776 in
488 2717 581 2777 nove
600 2712 745 2777 censilie
765 2717 836 2776 nen
857 2718 960 2777 statui
978 2717 1108 2795 parare,
1129 2711 1225 2778 satis-

184 2820 366 2886 lactidnem
382 2843 427 2887 ex
443 2821 537 2886 millai
551 2820 765 2887 censcientia
781 2821 823 2886 de
840 2822 941 2904 culpa
957 2827 1152 2904 prepenere
1169 2821 1227 2887 de·
1245 2849 1258 2900 5

184 2935 282 3008 crevi,
308 2951 419 3013 quam,
445 2936 500 2995 me
525 2929 601 2994 dius
629 2929 756 3006 Fidius,
783 2935 899 2994 veram
925 2929 1000 2994 licet
1026 2935 1222 3014 cognesces

183 3039 319 3104 Iniuriis
340 3038 628 3122 contumeliisque
651 3038 857 3116 concitetus,
871 3038 974 3121 quod
996 3038 1109 3104 fructu
1132 3039 1225 3103 labe-

181 3148 224 3214 ris
242 3149 498 3232 industriaeque
518 3171 614 3215 meae
634 3155 789 3232 privatus
809 3159 938 3214 statum
959 3147 1136 3232 dignitatis
1157 3154 1227 3214 nen

183 3259 391 3336 obtinebam,
408 3259 582 3342 publicam
596 3258 803 3324 miserbrum
817 3279 956 3323 causam
971 3263 1034 3340 pre
1051 3263 1129 3322 mee
1145 3263 1226 3322 cen-

183 3368 362 3435 suettidine
380 3375 526 3452 suscepi,
545 3375 616 3433 nen
635 3375 715 3452 quia
733 3389 790 3434 aes
808 3367 958 3433 alienum
977 3373 1062 3432 meis
1080 3365 1227 3432 nemini·
1248 3398 1278 3435 ιο

181 3477 243 3544 bus
261 3501 304 3544 ex
322 3478 600 3561 possessibnibus
619 3479 753 3544 solvere
771 3499 841 3544 non
860 3487 1093 3561 possem—et
1111 3476 1228 3542 alienis

184 3588 379 3653 neminibus
408 3587 593 3654 liberalitas
622 3588 805 3654 Orestillae
834 3593 903 3652 suis
932 3586 1091 3668 tiliaeque
1119 3583 1227 3666 ccipiis

185 3697 510 3778 persolveret—sed
537 3697 631 3781 quod
657 3703 728 3762 nen
754 3697 881 3781 dignes
906 3696 1066 3761 homines
1093 3695 1227 3761 honere

187 3803 381 3870 honestetbs
402 3806 558 3872 videbam
580 3813 701 3890 meque
724 3805 811 3871 falsai
833 3805 1024 3889 suspiciene
1045 3803 1229 3869 alienetum

185 3933 256 3979 esse
276 3914 476 3981 sentiebam.
521 3915 603 3981 Hbc
621 3915 763 3981 nemine
782 3915 863 3981 satis
881 3915 1046 3980 honestes
1064 3919 1128 3997 prb
1148 3917 1227 3976 mei>
1250 3945 1279 3994 15
