3050 4522
409 376 493 430 THE
519 375 767 431 CONSPIRACY
792 374 842 428 OF
868 373 1059 428 CATILINE
1215 371 1253 437 33

210 555 354 633 aiebant,
371 561 414 620 ne
430 554 573 621 Crassus
589 561 685 622 more
701 560 764 620 suo
782 559 937 637 suscepto
953 553 1122 618 malorum
1139 557 1254 638 patro·

215 667 304 731 cinio
334 687 406 731 rem
437 665 611 750 publicam
642 662 879 730 conturbaret.
937 663 1057 747 Ipsum
1089 660 1253 728 Crassum

214 796 281 859 ego
307 781 431 859 postea
448 773 715 859 ,praedicantem
741 772 858 838 audivi
886 782 1023 838 tantam
1051 771 1145 837 illam
1172 793 1253 839 con-

212 884 390 948 tumeliam
409 883 473 948 sibi
494 883 537 948 ab
559 882 728 949 Cicerone
750 882 960 966 impositam.
1271 913 1306 962 40

282 992 419 1058 XLIX.
444 991 513 1058 Sed
535 992 647 1058 isdem
669 989 887 1076 temporibus
911 991 955 1075 Q.
982 989 1129 1057 Catulus
1154 1001 1189 1059 et
1214 989 1251 1058 C.

212 1101 291 1165 Piso
320 1122 427 1185 neque
454 1101 607 1184 precibus
635 1121 742 1184 neque
770 1099 883 1184 gratia
912 1099 1111 1166 Ciceronem
1139 1099 1254 1185 impel-

212 1212 277 1277 lere
300 1217 436 1294 quivere
457 1217 507 1276 uti
529 1231 587 1294 per
609 1210 814 1295 Allobroges
837 1220 895 1276 aut
918 1210 1022 1275 alium
1046 1209 1190 1275 indicem
1214 1207 1251 1275 C.

211 1318 335 1385 Caesar
367 1319 456 1385 falso
488 1320 732 1385 nominaretur.
791 1319 883 1385 Nam
915 1330 1055 1402 uterque
1086 1339 1162 1384 curn
1195 1317 1253 1382 illo

212 1437 327 1516 gravis
358 1428 555 1496 inimicitias
588 1431 815 1509 exercebant;
849 1430 930 1496 Piso
963 1434 1188 1514 oppugnatus
1220 1427 1287 1508 in5

212 1539 338 1604 iudicio
368 1539 587 1622 pecuniarum
618 1539 879 1623 repetundarum
911 1548 1047 1622 propter
1077 1537 1254 1603 cuiusdam

214 1649 451 1735 Transpadani
478 1649 686 1734 supplicium
713 1649 892 1728 iniustum,
922 1647 1070 1714 Catulus
1097 1669 1142 1714 ex
1168 1652 1255 1731 peti-

212 1757 304 1825 tione
333 1758 549 1842 pontificatus
581 1758 662 1824 odio
695 1757 862 1836 incensus
895 1757 986 1842 quod
1018 1761 1170 1822 extrema
1202 1775 1255 1821 ae·
1336 1755 1339 1762 ’

211 1874 288 1946 tate,
311 1874 481 1933 maxumis
503 1867 690 1934 honoribus
714 1873 806 1946 usuS,
830 1869 872 1934 ab
894 1865 1147 1932 adulescentulo
1172 1864 1255 1931 Cae-

214 2000 287 2046 sare
307 1978 420 2044 victus
442 1979 658 2045 discesserat.
707 1978 777 2043 Res
799 1988 918 2044 autem
940 1981 1139 2061 opportuna
1161 1973 1246 2041 vide·
1275 2007 1307 2044 10

212 2087 319 2167 batur,
349 2088 439 2171 quod
469 2087 497 2152 is
527 2087 686 2171 privatim
715 2086 855 2171 egregia
884 2085 1092 2162 liberalitate,
1122 2083 1255 2168 publice

215 2204 386 2263 maxumis
421 2197 632 2276 muneribus
669 2197 840 2282 grandem
876 2194 1059 2281 pecuniam
1095 2193 1254 2260 debebat.

216 2307 283 2374 Sed
308 2308 367 2374 ubi
394 2307 573 2373 consulem
599 2308 644 2372 ad
670 2317 810 2372 tantum
836 2305 969 2370 facinus
995 2302 1171 2388 impellere
1197 2324 1255 2368 ne-

216 2428 357 2502 queunt,
384 2418 449 2501 ipsi
475 2416 678 2502 singillatim
705 2415 954 2481 circumeundo
980 2425 1085 2497 atque
1111 2412 1255 2478 ementi-

214 2528 315 2606 undo,
337 2533 480 2612 quaese
499 2550 544 2593 ex
562 2525 751 2592 Volturcio
770 2536 830 2591 aut
849 2523 1100 2608 Allobrogibus
1119 2521 1256 2588 audisse
1277 2553 1306 2604 15

217 2637 378 2716 dicerent,
407 2644 573 2722 magnam
600 2636 648 2700 illi
665 2633 840 2712 invidiam
868 2633 1117 2710 mandaverant,
1146 2637 1256 2716 usque

217 2753 257 2812 eo
283 2759 321 2814 ut
348 2747 507 2812 nonnulli
534 2746 669 2830 equites
698 2746 859 2823 Romani,
889 2749 948 2827 qui
975 2741 1124 2827 praesidi
1152 2746 1256 2806 causa

216 2878 294 2922 cum
313 2856 390 2922 telis
413 2867 510 2923 erant
533 2856 663 2922 circum
685 2856 807 2921 aedem
831 2852 1061 2930 Concordiae,
1085 2873 1145 2916 seu
1168 2857 1255 2936 peri-

217 2968 282 3031 culi
305 2966 548 3052 magnitudine
573 2987 635 3032 seu
660 2965 766 3031 animi
790 2963 986 3029 mobilitate
1011 2961 1159 3046 impulsi,
1185 2967 1256 3046 quo

217 3077 369 3142 studium
396 3076 557 3142 suumin
583 3097 655 3141 rem
681 3075 856 3160 publicam
882 3071 1005 3138 clarius
1031 3081 1131 3151 esset,
1158 3077 1256 3156 egre·
1276 3101 1309 3138 20

217 3185 324 3252 dienti
347 3209 391 3252 ex
414 3192 535 3252 senatu
561 3185 701 3252 Caesari
725 3183 843 3270 gladio
867 3183 1118 3248 minitarentur.

284 3295 323 3362 L.
350 3296 446 3361 Dum
469 3296 556 3362 haec
579 3295 613 3360 in
639 3300 762 3361 senatu
786 3303 942 3379 aguntur
966 3303 999 3358 et
1024 3292 1107 3357 dum
1131 3292 1256 3376 legatis

215 3403 447 3490 Allobrogum
468 3415 503 3471 et
524 3405 564 3470 T.
587 3404 785 3482 Volturcio,
809 3403 1040 3487 comprobato
1063 3408 1185 3466 eorum
1206 3399 1257 3465 in-

215 3514 313 3593 dicio,
331 3514 486 3598 praemia
503 3516 744 3594 decernuntur,
762 3513 877 3579 liberti
893 3523 927 3579 et
944 3517 1046 3597 pauci
1064 3533 1108 3576 ex
1125 3507 1257 3576 clienti-

215 3622 277 3688 bus
298 3623 439 3689 Lentuli
460 3625 607 3690 divorsis
627 3623 807 3688 itineribus
828 3622 969 3707 opifices
991 3633 1096 3706 atque
1117 3618 1256 3687 servitia

197 3731 249 3796 rin
284 3739 367 3798 vicis
402 3735 446 3800 ad
482 3754 562 3799 eum
597 3732 816 3816 eripiundum
852 3731 1093 3811 sollicitabant,
1131 3728 1289 3816 partim5

217 3843 444 3925 exquirebant
482 3843 587 3908 duces
623 3841 898 3918 multitudinum,
936 3847 996 3926 qui
1031 3841 1146 3926 pretio
1182 3861 1255 3908 rem

215 3949 382 4034 publicam
415 3956 540 4016 vexare
574 3949 663 4015 soliti
699 3959 810 4026 erant;
845 3949 1016 4033 Cethegus
1051 3959 1163 4032 autem
1198 3969 1256 4034 per

397 4057 411 4107 5
