3050 4522
370 325 453 380 THE
478 325 725 380 CONSPIRACY
751 325 801 379 OF
827 322 1017 378 CATILINE
1172 319 1213 385 27

241 504 320 571 XL.
348 505 461 589 Igitur
488 504 526 570 P.
556 503 739 570 Umbreno
768 503 905 570 cuidam
932 499 1114 587 negotium
1143 499 1213 578 dat,

174 621 227 681 uti
255 616 391 699 legatos
418 613 652 698 Allobrogum
681 619 832 698 requirat
861 617 1002 697 erisque,
1032 615 1060 676 si
1089 608 1210 695 possit,

172 723 326 806 impellat
347 723 391 788 ad
413 722 615 788 societatem
636 722 725 800 belli,
748 727 965 788 existumans
987 718 1124 803 pirblice
1146 724 1212 804 pri-

173 831 351 916 vatimque
373 853 451 898 aere
473 831 587 896 alieno
611 836 807 915 oppressos,
831 835 1013 915 praeterea
1037 828 1131 913 quod
1154 833 1213 893 na-

174 947 253 1006 tr'rra
277 947 364 1026 gens
390 939 521 1006 Gallica
547 939 710 1006 bellicosa
737 949 836 1018 esset,
864 939 962 1006 lacile
989 944 1049 1004 eos
1075 939 1119 1004 ad
1145 937 1246 1010 tales

174 1050 355 1116 consilium
378 1050 504 1116 addfici
527 1071 638 1133 posse.
687 1048 900 1128 Umbrenus
925 1049 1020 1133 quod
1043 1045 1078 1112 in
1103 1045 1214 1112 Gallis

173 1159 376 1244 negotiatus
398 1169 481 1240 erat,
505 1159 676 1242 plerisque
698 1157 912 1242 principibus
934 1157 1131 1223 civitatium
1153 1161 1215 1221 no·

174 1280 230 1335 tus
255 1278 328 1334 erat
352 1279 457 1352 atque
482 1273 542 1334 eos
566 1273 723 1333 noverat.
774 1268 902 1353 Itaque
927 1266 999 1333 sine
1024 1271 1130 1344 mora,
1156 1263 1215 1332 ubi

173 1385 319 1462 primum
342 1377 475 1461 legatos
498 1376 532 1440 in
558 1375 636 1442 foro
660 1376 848 1460 conspexit,
871 1381 1087 1460 percontatus
1109 1395 1216 1459 pauca

173 1490 215 1554 de
230 1493 327 1553 statii
343 1485 491 1552 civitatis
505 1497 540 1552 et
557 1487 655 1570 quasi
671 1488 793 1552 dolens
808 1486 882 1552 eius
898 1492 1026 1563 casum,
1043 1490 1215 1569 requirere
1237 1509 1268 1546 10

175 1597 290 1680 coepit
317 1617 422 1680 quem
448 1595 582 1662 exitum
609 1602 718 1662 tantis
745 1596 844 1662 malis
872 1601 1060 1680 sperarent.
1113 1594 1216 1660 Post-

173 1727 279 1790 quam
297 1705 374 1770 illos
395 1705 489 1771 videt
510 1711 606 1789 queri
628 1705 671 1771 de
692 1705 835 1772 avaritia
857 1704 1138 1789 magistratuum,
1161 1725 1217 1770 ac-

174 1821 294 1880 cirsare
313 1820 473 1880 senatum
492 1815 586 1898 quod
605 1814 639 1880 in
659 1821 701 1880 eo
720 1813 829 1880 auxili
847 1814 930 1879 nihil
951 1823 1051 1893 esset,
1072 1812 1217 1879 miseriis

172 1930 242 1989 suis
261 1922 451 1988 remedium
468 1934 620 1990 mortem
638 1930 851 2008 exspectare,
871 1921 954 1989 “At
973 1922 1074 2009 eg0,’'
1095 1921 1217 2006 inquit,

175 2033 195 2058 ‘⁴
210 2032 318 2111 vobis
342 2038 369 2097 si
390 2032 496 2097 modo
517 2031 581 2098 viri
604 2055 678 2099 esse
699 2033 813 2111 voltis,
836 2032 1009 2098 rationem
1031 2033 1218 2098 ostendam
1239 2060 1268 2111 15

173 2147 242 2226 qua
257 2151 357 2207 tanta
372 2141 439 2206 ista
454 2141 545 2207 mala
561 2141 771 2227 effugistis.”
813 2143 913 2208 Haec
929 2142 987 2208 ubi
1004 2141 1104 2220 dixit,
1120 2140 1218 2206 Allo-

77 2297 80 2301 ·
172 2253 302 2336 broges
321 2251 355 2314 in
374 2257 577 2316 maxumam
596 2272 694 2335 spem
712 2251 857 2318 adducti
877 2251 1098 2316 Umbrenum
1118 2256 1218 2316 orare

176 2371 216 2425 ut
246 2366 299 2425 sui
329 2360 564 2438 misereretur3
594 2360 677 2425 nihil
707 2372 781 2427 tam
811 2382 973 2444 asperum
1002 2381 1114 2444 neque
1144 2369 1218 2425 tam

176 2469 314 2535 difficile
342 2490 427 2547 esse,
455 2469 551 2553 quod
578 2475 649 2534 non
678 2469 912 2554 cupidissume
940 2469 1065 2535 lactfiri
1094 2479 1217 2548 essent,

175 2580 320 2649 dumea
342 2584 394 2642 res
416 2577 593 2644 civitatem
615 2600 693 2645 aere
714 2578 828 2644 alieni)
850 2579 1024 2644 liberaret.
1073 2579 1134 2646 Ille
1158 2585 1219 2646 eos
1239 2610 1272 2648 20

174 2688 211 2752 in
237 2688 381 2753 domum
407 2687 450 2752 D.
479 2687 578 2752 Brsrti
603 2687 773 2772 perdicit,
800 2689 896 2772 quod
922 2687 997 2753 loro
1024 2688 1219 2772 propinqua

175 2808 251 2864 erat
274 2818 387 2880 neque
409 2796 521 2862 aliena
544 2797 666 2862 consili
689 2807 832 2881 propter
856 2796 1114 2880 Semproniam;
1138 2818 1219 2862 nam

176 2918 253 2972 tum
278 2906 408 2970 Brsrtus
431 2906 475 2971 ab
500 2906 614 2970 Roma
638 2907 770 2971 aberat.
820 2905 1007 2971 Praeterea
1032 2905 1218 2971 Gabinium

175 3015 329 3096 arcessit,
354 3021 425 3099 quo
449 3014 560 3080 maior
582 3015 776 3080 auctoritas
801 3021 955 3080 sermoni
978 3014 1114 3081 inesset.
1165 3015 1219 3080 Εό

173 3135 357 3210 praesente
374 3123 651 3190 conirirationem
668 3123 787 3207 aperit,
806 3123 964 3188 nominat
983 3123 1105 3203 socios
1124 3145 1220 3208 prae·
1240 3155 1270 3206 25

177 3241 272 3300 terea
295 3234 426 3300 multos
450 3233 617 3318 ciriusque
641 3232 778 3318 generis
802 3232 975 3311 innoxios,
1002 3239 1072 3317 quo
1097 3235 1220 3316 legatis

175 3343 311 3410 animus
330 3343 479 3427 amplior
498 3353 600 3409 esset.
647 3342 782 3408 Deinde
804 3348 864 3408 eos
884 3341 1055 3426 pollicitds
1076 3363 1220 3427 operam

175 3475 274 3518 suam
293 3453 436 3518 domum
454 3453 610 3518 dimittit.

246 3561 344 3627 XLI.
363 3561 432 3628 Sed
448 3562 658 3647 Allobroges
676 3561 734 3628 dici
752 3560 786 3625 in
803 3561 937 3627 incerto
954 3561 1105 3628 habuere
1123 3559 1221 3646 quid-

175 3692 255 3736 nam
281 3671 401 3758 cr'msili
427 3681 591 3754 caperent.
643 3671 683 3734 ln
709 3671 814 3735 altera
840 3680 934 3755 parte
960 3681 1032 3736 erat
1058 3691 1113 3735 aes
1140 3670 1220 3734 alie-

176 3801 269 3857 num,
297 3779 446 3844 studium
473 3780 560 3856 belli,
588 3787 714 3864 magna
741 3786 869 3844 merces
897 3779 930 3842 in
960 3786 1019 3863 spe
1046 3778 1218 3856 victoriae,

177 3899 213 3954 at
238 3889 273 3953 in
299 3889 404 3954 altera
429 3889 578 3954 maiores
604 3895 696 3973 opes,
723 3894 798 3953 trita
825 3887 977 3966 consilia,
1003 3894 1066 3972 pro
1094 3888 1221 3958 incerta
