3050 4522
270 345 311 408 34
463 343 545 398 THE
572 343 820 396 CONSPIRACY
847 344 895 396 OF
922 342 1112 396 CATILINE

269 521 410 586 nimtias
434 519 600 586 familiam
624 530 725 605 atque
749 521 887 588 libertos
912 527 1003 599 suris,
1021 521 1135 586 *lectos
1161 530 1193 587 et
1218 542 1313 588 exer-

269 631 402 708 citatos,
429 631 549 697 orabat
573 639 612 697 ut
637 651 742 716 grege
768 629 861 696 facto
887 651 964 696 cum
989 631 1066 698 telis
1092 630 1136 696 ad
1162 636 1237 697 sese
1262 631 1313 696 in-

219 775 250 814 10
269 751 478 826 rumperent.

339 850 469 917 Consul
497 849 553 916 ubi
581 869 620 916 ea
647 855 759 934 parari
787 849 960 934 cognovit,
989 848 1161 932 dispositis
1188 848 1312 932 praesi-

267 961 331 1026 diis
352 970 391 1026 ut
412 966 465 1026 res
487 969 592 1043 atque
613 969 751 1043 tempus
773 958 950 1037 monebat,
973 964 1169 1024 convocato
1193 964 1313 1024 senatu

270 1070 383 1148 refert,
407 1069 488 1154 quid
512 1069 555 1135 ἀὲ
577 1075 624 1135 eis
646 1067 718 1134 fieri
741 1068 870 1153 placeat
892 1074 949 1152 qui
972 1067 1006 1132 in
1030 1067 1222 1133 custodiam
1244 1073 1312 1132 tra-

267 1179 330 1245 diti
364 1190 470 1246 erant.
529 1177 599 1246 Sed
635 1184 695 1244 eris
729 1179 833 1262 paulo
866 1188 945 1243 ante
979 1177 1139 1261 frequens
1174 1183 1314 1243 senatus

219 1288 478 1366 15ii1dicaverat
507 1293 628 1354 contra
656 1307 729 1354 rem
759 1286 932 1371 publicam
961 1285 1091 1354 iecisse.
1145 1286 1237 1351 Tum
1268 1286 1312 1352 D.

269 1397 388 1463 Iunius
417 1397 563 1475 Silanus,
591 1403 720 1481 primus
747 1396 947 1462 sententiam
974 1401 1124 1480 rogatus,
1153 1395 1244 1479 quod
1271 1401 1312 1461 ei>

268 1517 419 1593 tempore
442 1508 561 1574 consul
586 1508 785 1591 designatus
810 1515 891 1583 erat,
917 1506 960 1571 ἀὲ
985 1511 1031 1571 eis
1056 1511 1113 1589 qui
1139 1504 1174 1569 in
1199 1510 1313 1570 cristo-

267 1617 331 1683 diis
352 1618 568 1696 tenebantur,
592 1627 627 1684 et
649 1621 825 1700 praeterea
847 1616 890 1681 ἀὲ
913 1615 953 1680 L.
979 1613 1108 1692 Cassio,
1133 1615 1170 1680 P.
1196 1613 1313 1692 Furio,

267 1727 304 1793 P.
327 1727 521 1806 Umbreni),
544 1725 588 1811 Q.
611 1725 741 1803 Annio,
763 1731 791 1791 si
812 1724 1017 1809 deprehensi
1038 1719 1163 1802 forent,
1186 1723 1314 1808 suppli-

216 1868 249 1906 20
267 1835 359 1901 cium
382 1836 595 1902 sirmundum
617 1835 832 1914 decreveram
856 1834 953 1918 isque
976 1839 1110 1917 postea,
1134 1839 1314 1917 permotus

269 1945 426 2012 aratiane
450 1945 487 2012 C.
516 1943 681 2023 Caesaris,
708 1943 848 2028 pedibus
874 1943 909 2007 in
936 1943 1136 2008 sententiam
1162 1942 1215 2007 Ti.
1245 1942 1313 2008 Ne-

265 2054 358 2121 ranis
375 2055 504 2121 iturum
523 2061 559 2121 se
576 2054 722 2132 dixerat,
741 2052 837 2138 quod
854 2051 898 2118 ἀὲ
915 2059 955 2118 ea
973 2059 1009 2119 ra
1027 2051 1203 2137 praesidiis
1220 2051 1315 2118 addi-

266 2171 310 2231 tis
330 2163 554 2232 referundum
574 2170 765 2230 censuerat.

338 2271 405 2338 Sed
428 2272 562 2351 Caesar,
585 2272 642 2339 ubi
665 2273 709 2337 ad
731 2293 809 2339 eum
831 2280 970 2336 ventum
992 2281 1052 2350 est,
1076 2277 1217 2356 rogatus
1240 2291 1313 2337 sen·

217 2408 247 2458 25
266 2381 409 2448 tentiam
430 2389 450 2448 a
470 2383 612 2449 consule
633 2381 777 2449 huiusce
799 2382 896 2448 modi
916 2382 1022 2448 verba
1042 2381 1180 2447 locutus
1202 2390 1268 2447 est:

337 2491 398 2558 LI.
427 2489 587 2558 “Omnis
614 2491 784 2570 homines,
813 2497 930 2576 patres
958 2497 1155 2574 canscripti,
1184 2496 1243 2575 qui
1272 2489 1315 2556 ἀὲ

269 2600 369 2667 rebus
396 2600 506 2666 dubiis
532 2601 735 2678 consultant,
763 2601 805 2667 ab
831 2601 924 2679 odio,
951 2599 1109 2679 amicitia,
1136 2606 1188 2666 ira
1213 2609 1314 2684 atque

267 2708 500 2776 misericordia
522 2715 650 2776 vacuos
674 2731 749 2778 esse
772 2710 881 2777 decet.
931 2711 1037 2777 Haud
1061 2710 1158 2778 facile
1180 2711 1315 2777 animus

268 2825 388 2885 verum
406 2818 563 2904 providet
582 2818 638 2886 ubi
659 2819 716 2884 illa
735 2819 896 2898 officiunt,
916 2842 1024 2904 neque
1043 2821 1221 2905 quisquam
1242 2842 1313 2887 om-

234 2956 248 3007 5
268 2927 363 2994 nium
381 2927 522 2995 lubidini
541 2927 641 2994 simul
660 2938 692 2996 et
710 2935 788 2994 usui
805 2929 927 3014 paruit.
971 2930 1040 2997 Ubi
1062 2930 1245 2997 intenderis
1264 2931 1314 2996 in-

267 3037 420 3122 genium,
443 3038 547 3117 valet;
569 3043 598 3104 si
619 3038 738 3104 lubido
760 3039 926 3122 possidet,
950 3061 990 3107 ea
1012 3041 1221 3120 dominatur,
1245 3040 1315 3106 ani-

267 3167 345 3212 mus
368 3147 451 3212 nihil
474 3147 574 3213 valet.
624 3147 756 3232 Magna
779 3148 863 3214 mihi
888 3149 987 3234 capia
1011 3160 1062 3216 est
1086 3149 1314 3228 memorandi,

268 3261 380 3339 patras
411 3261 609 3340 conscripti,
640 3278 728 3340 quae
758 3264 858 3343 regas
889 3269 994 3342 atque
1025 3261 1145 3343 populi
1175 3266 1225 3324 ira
1256 3269 1314 3325 aut

268 3363 500 3429 misericordia
525 3364 660 3448 impulsi
685 3366 773 3432 male
798 3366 1045 3443 consuluerint;
1073 3367 1131 3432 sed
1156 3389 1195 3433 ea
1221 3369 1312 3434 mala

219 3505 251 3543 ιο
268 3473 377 3538 dicere
395 3495 481 3557 quae
499 3473 649 3540 maiores
668 3481 776 3540 nostri
795 3481 913 3540 contra
932 3475 1116 3541 lubidinem
1136 3475 1241 3540 animi
1262 3482 1314 3542 sui

269 3587 487 3666 recreatque
514 3583 635 3649 cardine
662 3581 782 3648 iecare.
834 3583 929 3648 Bello
959 3584 1193 3662 Macedonico,
1222 3584 1314 3669 quod

268 3711 345 3757 curn
368 3697 450 3777 rege
474 3693 578 3759 Persa
601 3691 778 3778 gessimus,
804 3691 1019 3758 Rhodiarum
1044 3693 1162 3758 civitas
1188 3700 1314 3780 magna

268 3809 368 3884 atque
387 3801 578 3888 magnifica,
600 3823 686 3886 quae
705 3801 819 3885 populi
841 3802 989 3866 Romani
1010 3801 1129 3886 opibus
1151 3809 1313 3881 creverat,

267 3907 429 4004 infidaet
448 3911 594 3979 advorsa
613 3910 712 3977 nobis
733 3909 816 3988 tuin
837 3910 895 3977 sed
914 3920 1104 3996 postquam,
1124 3911 1213 3978 bello
1233 3917 1314 3978 can-
