3092 4518
365 325 366 332 ἵ
404 349 487 403 THE
514 351 762 405 CONSPIRACY
788 351 838 406 OF
864 351 1055 406 CATILINE
1207 351 1246 412 4¹

205 528 475 614 pulcherrumam
487 551 561 596 eam
573 535 637 595 nes
649 529 851 596 haberemus
862 551 868 606 ;
881 535 1004 614 quippe
1016 527 1187 595 sociorum
1199 537 1249 594 at·
1267 539 1298 601 ⁶5

203 658 267 721 que
285 638 420 716 civium,
440 644 611 722 praeteree
630 644 805 704 armorum
825 648 925 722 atque
943 643 1119 722 equorum,
1139 638 1248 704 ma'tior

204 748 304 832 cepia
324 748 425 813 nobis
446 769 549 832 quam
571 748 636 813 illis
659 757 720 814 est.
769 747 836 814 Sed
859 747 924 814 alia
946 747 1041 814 luere
1063 767 1151 831 quae
1172 746 1248 811 illes

202 862 350 940 magnos
367 856 490 934 iecere,
508 878 596 940 quae
614 858 714 922 nobis
732 857 824 922 nulla
842 867 922 922 sunt
929 879 937 935 ;
956 855 1053 922 domi
1071 855 1248 932 industria,

204 965 286 1030 ioris
311 965 440 1030 iustum
466 965 661 1050 imperium,
687 965 821 1031 animus
846 965 881 1030 in
907 965 1126 1030 censulunde
1152 965 1248 1040 liber,

205 1095 312 1157 neque
336 1074 460 1140 delicto
484 1095 592 1158 neque
616 1073 757 1140 lubidini
782 1074 960 1140 obnoxius
1012 1073 1082 1138 Pro
1107 1072 1159 1138 his
1183 1079 1248 1138 nos
1268 1099 1300 1148 70

204 1183 371 1249 habemus
398 1183 571 1249 luxuriam
599 1195 702 1268 atque
730 1182 918 1262 averniam,
947 1183 1085 1268 publice
1113 1189 1248 1268 egeste-

204 1302 285 1370 tem,
311 1293 472 1376 privatim
499 1293 729 1377 opulentiam;
755 1294 936 1360 laudemus
962 1292 1109 1370 divitias
1136 1292 1248 1376 sequi·

204 1423 280 1466 mur
309 1401 482 1480 inertiam;
512 1402 598 1468 inter
627 1403 735 1468 bones
765 1413 797 1467 et
825 1403 934 1468 males
964 1401 1143 1467 discrimen
1173 1400 1247 1466 mil-

205 1511 291 1588 lum;
310 1512 425 1577 omnia
444 1512 580 1578 virtutis
598 1511 747 1596 praemia
765 1511 906 1578 ambitio
925 1511 1083 1596 possidet.
1129 1511 1248 1596 Neque

204 1627 345 1698 mirum;
368 1621 425 1688 ubi
448 1628 512 1687 ves
535 1621 717 1705 separatim
740 1621 802 1688 sibi
825 1621 966 1706 quisque
989 1621 1170 1687 consilium
1193 1642 1247 1687 ca-
1267 1646 1297 1698 75

204 1730 293 1814 pitis,
324 1731 380 1796 ubi
411 1732 504 1796 domi
534 1731 772 1815 voluptatibus
804 1731 858 1797 hic
888 1730 1050 1814 pecuniae
1080 1740 1139 1797 aut
1169 1736 1247 1816 gre-

203 1840 270 1907 tiae
299 1840 442 1918 servitis,
470 1847 512 1906 ee
540 1839 578 1907 fit
605 1851 643 1907 ut
673 1841 817 1925 impetus
848 1839 911 1908 iiat
940 1840 975 1906 in
1005 1862 1147 1906 vacuam
1176 1861 1247 1906 rem

203 1950 381 2034 publicam.

273 2057 376 2126 “Sed
400 2059 481 2125 haec
504 2081 569 2145 ego
594 2059 726 2150 omitte.
777 2059 1010 2126 Coniriravere
1033 2059 1247 2126 nobilissumi

203 2175 294 2235 cives
321 2169 466 2253 patriam
494 2169 691 2248 incendere;
721 2169 900 2236 Gallorum
929 2180 1073 2254 gentem
1100 2169 1248 2235 infestis·
1267 2185 1300 2235 80

203 2299 337 2344 sumam
367 2279 500 2344 nemini
531 2279 693 2344 Remene
724 2279 767 2345 ad
797 2278 927 2345 bellum
957 2290 1144 2358 arcessunt,
1175 2279 1248 2344 dux

201 2386 350 2454 hostium
379 2409 455 2453 cum
484 2389 635 2454 exercitii
665 2394 767 2472 supre
794 2399 894 2472 caput
923 2397 990 2465 est;
1020 2394 1083 2454 vos
1112 2394 1247 2454 cuncte-

201 2497 284 2563 mini
301 2497 402 2564 etiam
419 2519 508 2564 nunc
524 2509 557 2565 et
573 2498 734 2565 dubitetis
752 2498 833 2582 quid
850 2499 938 2564 intre
954 2497 1088 2564 moenia
1105 2499 1247 2582 depren-

202 2614 247 2673 sis
266 2607 419 2675 hostibus
440 2607 597 2674 iacietis?
641 2609 883 2686 Misereamini,
905 2609 1247 2693 censeo-deliquere

201 2719 361 2786 homines
383 2720 633 2786 adulescentuli
655 2742 718 2804 per
739 2719 1119 2804 ambitionem—atque
1143 2718 1248 2786 etiam
1267 2735 1297 2795 as

202 2835 357 2895 armatos
386 2829 577 2895 dimittetis.
636 2829 691 2896 Ne
723 2829 787 2896 ista
818 2830 917 2896 vobis
949 2829 1182 2896 mensuetude
1214 2839 1248 2895 et

202 2939 447 3017 misericordia,
474 2945 501 3005 si
526 2938 573 3004 illi
598 2960 691 3005 arma
716 2939 879 3023 ceperint,
906 2939 939 3004 in
966 2939 1139 3005 miseriam
1166 2960 1248 3005 con-

203 3059 326 3114 vortat.
383 3047 522 3115 Scilicet
554 3055 606 3114 res
638 3049 712 3132 ipsa
742 3069 861 3132 aspera
892 3058 956 3126 est,
989 3049 1049 3114 sed
1081 3055 1144 3114 ves
1177 3054 1248 3114 nen

203 3157 333 3224 timetis
361 3179 446 3224 eam.
502 3159 618 3223 Immo
648 3164 731 3223 vere
761 3165 941 3236 mexume;
971 3157 1030 3224 sed
1060 3157 1183 3224 inertie
1214 3167 1248 3224 et

202 3266 344 3330 mollitie
362 3266 467 3331 animi
485 3266 571 3331 alius
589 3266 693 3332 alium
711 3272 945 3350 exspectantes
963 3266 1178 3344 cunctemini,
1197 3265 1246 3331 vi·
1265 3289 1299 3339 90

202 3374 321 3440 delicet
339 3375 389 3440 dis
407 3375 642 3441 inmortelibus
659 3374 794 3452 confisi,
812 3381 869 3459 qui
885 3375 972 3440 hanc
989 3396 1060 3440 rem
1078 3375 1246 3459 publicam

203 3504 303 3567 saepe
334 3485 368 3548 in
399 3491 573 3550 mexumis
603 3485 762 3570 periculis
793 3491 983 3551 servevere.
1041 3485 1123 3550 Non
1154 3490 1247 3550 vetis

201 3614 312 3677 neque
329 3593 505 3678 suppliciis
521 3594 747 3660 muliebribus
763 3593 890 3659 auxilia
907 3593 1053 3660 deerum
1071 3604 1247 3677 parantur;

203 3702 390 3787 vigilando,
417 3703 567 3789 agundi),
594 3704 677 3770 bene
703 3703 916 3768 consulundo
943 3709 1105 3786 prospera
1132 3701 1246 3767 omnia

202 3812 343 3888 cedunt;
375 3813 430 3879 ubi
464 3813 639 3880 socordiae
669 3819 704 3879 te
735 3822 835 3897 atque
867 3812 1024 3897 igneviae
1055 3811 1245 3888 tradideris,
1265 3825 1296 3878 95

202 3925 405 4009 nequiquam
422 3921 505 3993 deos
522 3921 683 4008 implores
693 3943 701 4000 ;
718 3927 796 3987 irati
812 3920 996 4006 infestique
1013 3931 1101 3988 sunt.
1143 3921 1247 4005 Apud
1314 3933 1315 3937 ’
