3092 4518
434 341 517 395 THE
544 341 792 399 CONSPIRACY
818 345 868 400 OF
894 343 1085 399 CATlLlNE
1240 343 1281 411 39

303 519 384 588 LII.
408 521 599 607 Postquam
622 523 750 590 Caesar
771 524 912 590 dicundi
934 524 1039 592 finem
1062 523 1153 602 lecit,
1176 529 1280 591 ceteri

235 629 349 708 verbd,
369 630 456 696 alius
476 632 533 696 alii
552 632 646 698 varie
665 633 951 700 adsentiebantur.
996 633 1044 698 At
1065 634 1114 698 Μ.
1139 631 1279 698 Porcius

236 737 335 817 cata,
364 746 509 826 rogitus
537 741 755 822 sententiam,
785 742 929 810 htiiusce
958 741 1055 809 modi
1083 741 1280 809 dratinnem

234 848 366 915 habuit:

302 956 462 1043 “Longe
479 958 562 1024 mihi
579 959 644 1026 alia
660 965 758 1027 mens
775 971 838 1039 est,
856 967 970 1046 patres
986 966 1183 1045 cdnscripti,
1201 981 1281 1027 cum
1301 992 1314 1042 5

232 1073 285 1132 res
302 1078 406 1150 atque
424 1069 575 1151 pericula
593 1079 710 1136 nostra
728 1069 922 1148 cdnsideri),
942 1081 976 1137 et
995 1091 1075 1136 cum
1094 1068 1282 1136 sententiis

235 1182 306 1241 min
331 1176 506 1242 millcirum
533 1177 605 1261 ipse
632 1184 771 1244 mecum
797 1185 932 1263 reputci.
985 1179 1039 1244 Illi
1065 1179 1150 1244 mihi
1177 1179 1281 1245 disse·

234 1285 342 1352 ruisse
363 1285 528 1352 videntur
546 1287 590 1352 de
611 1294 725 1371 poenai
746 1294 868 1354 edrum
891 1294 951 1373 qui
972 1287 1112 1373 patriae,
1134 1287 1282 1372 parenti-

232 1394 307 1473 bus,
324 1401 390 1461 airis
406 1406 510 1479 atque
526 1396 612 1462 locis
629 1403 699 1462 suis
715 1397 846 1464 bellum
863 1403 1035 1482 paravere.
1078 1397 1148 1463 Res
1165 1407 1282 1462 autem

233 1515 353 1570 monet
371 1511 491 1570 cavere
508 1506 551 1570 ab
569 1504 634 1571 illis
652 1505 763 1592 magis
782 1527 886 1591 quam
905 1506 988 1591 quid
1007 1506 1041 1571 in
1060 1506 1136 1572 illds
1155 1511 1282 1572 statuti-
1303 1539 1334 1576 ιο

235 1633 310 1677 mus
342 1613 544 1678 cdnsultare.
603 1614 694 1680 Nam
726 1621 838 1681 cetera
870 1614 1033 1680 maleficia
1065 1624 1138 1681 tum
1171 1634 1280 1699 perse-

235 1728 340 1806 quare
364 1723 422 1787 ubi
446 1722 533 1788 lacta
557 1735 651 1803 sunt;
676 1725 743 1791 hcic
767 1725 832 1790 nisi
856 1724 1048 1809 privideris
1072 1731 1116 1790 ne
1139 1723 1281 1803 accidat,

234 1832 293 1897 ubi
316 1832 443 1910 evenit,
467 1831 592 1898 irtistra
614 1831 740 1902 indicia
764 1835 942 1918 implrires3
966 1839 1066 1918 capta
1089 1835 1174 1899 urbe
1198 1832 1282 1898 nihil

234 1940 274 2006 fit
298 1941 419 2025 reliqui
441 1941 551 2007 victis
601 1942 681 2021 Sed,
706 1943 875 2027 perderis
899 1943 1101 2021 inmortalis,
1126 1949 1189 2008 vtis
1213 1961 1282 2027 ego

235 2050 379 2135 adpellci,
402 2057 459 2135 qui
481 2071 612 2136 semper
633 2052 765 2130 domds,
789 2052 896 2132 villis,
920 2058 1028 2137 signa,
1050 2051 1183 2117 tabulas
1205 2071 1281 2116 vos·
1302 2087 1332 2137 15

234 2166 305 2226 tras
324 2159 431 2245 pltiris
452 2181 553 2245 quam
575 2182 645 2226 rem
666 2160 835 2245 ptiblicam
856 2160 1002 2238 fecistis;
1024 2167 1052 2226 si
1073 2159 1147 2240 ista,
1169 2159 1280 2226 estius-

233 2290 382 2355 cumque
413 2270 510 2336 modi
540 2281 621 2336 sunt
652 2291 740 2354 quae
772 2270 1031 2354 amplexamini,
1063 2269 1222 2348 retinere,
1254 2275 1283 2336 si

232 2378 470 2464 voluptatibus
487 2386 613 2445 vostris
631 2380 742 2446 titium
759 2381 922 2464 praebere
939 2379 1053 2458 voltis,
1072 2377 1282 2464 expergisci·

233 2488 318 2553 mini
336 2488 521 2572 aliquandi>
541 2499 575 2554 et
595 2489 763 2572 capessite
783 2509 856 2554 rem
876 2488 1060 2572 priblicam.
1107 2489 1190 2554 Ndn
1209 2488 1282 2574 agi-

233 2607 290 2664 tur
309 2597 352 2664 de
370 2597 601 2682 vectigalibus
621 2620 734 2682 neque
755 2597 798 2664 de
818 2597 994 2663 socierum
1014 2596 1160 2676 initiriis3
1182 2598 1282 2664 liber·
1301 2627 1334 2665 20

233 2713 287 2772 tas
307 2717 342 2773 et
362 2707 476 2772 anima
495 2717 613 2772 nostra
632 2707 666 2772 in
688 2707 795 2772 dubis)
816 2716 877 2773 est.

304 2813 322 2842 “
337 2815 608 2900 Saepenumerci,
632 2822 746 2900 patres
769 2821 965 2900 crinscripti,
989 2815 1098 2888 multa
1120 2815 1224 2882 verba
1246 2815 1282 2881 in

234 2925 301 2992 heic
325 2925 447 2992 (irdine
471 2925 547 3003 leci,
572 2946 674 3008 saepe
699 2925 741 2991 de
765 2925 903 2990 ltixuriai
926 2935 1030 3008 atque
1054 2923 1194 2990 avaritiis
1219 2945 1282 2991 no-

234 3041 385 3100 streirum
408 3033 536 3100 civium
560 3044 703 3118 questus
727 3055 815 3112 sum,
839 3034 1040 3117 multtisque
1063 3033 1219 3100 mortalis
1242 3039 1282 3099 ea

235 3149 336 3210 causei
364 3143 531 3209 advorsds
560 3143 687 3222 habea
717 3149 776 3227 qui
805 3142 889 3207 mihi
919 3152 1025 3226 atque
1054 3142 1171 3208 animi)
1201 3148 1281 3208 meti
1301 3175 1331 3225 25

235 3254 360 3319 nfillius
382 3273 543 3337 umquam
567 3252 680 3318 delicti
704 3251 851 3337 gratiam
876 3250 1042 3330 fecissem,
1066 3250 1157 3316 haud
1182 3249 1281 3316 facile

235 3363 372 3428 alterius
394 3362 535 3428 lubidini
555 3362 643 3428 male
666 3360 756 3426 iacta
777 3361 1022 3426 eonddnibam.
1071 3359 1138 3427 Sed
1159 3382 1208 3438 ea,
1230 3369 1280 3425 ta-

234 3478 336 3537 metsi
359 3477 422 3537 vtis
446 3469 779 3556 parvipendebatis
804 3481 919 3536 tamen
944 3475 998 3536 res
1022 3470 1159 3554 ptiblica
1183 3469 1283 3536 lirma

235 3592 320 3660 erat;
347 3581 525 3665 opulentia
551 3580 811 3665 neglegentiam
837 3580 1015 3646 tolerabat.
1068 3579 1172 3645 Nunc
1198 3584 1281 3644 versi

235 3696 306 3755 min
335 3690 369 3755 id
397 3690 522 3774 agitur,
551 3691 698 3756 bonisne
727 3711 770 3755 an
800 3689 898 3755 malis
927 3689 1083 3755 mdribus
1112 3694 1280 3766 vivamus,
1300 3725 1334 3773 30

233 3821 341 3882 neque
383 3809 548 3883 quantum
592 3809 651 3864 aut
693 3819 795 3882 quam
838 3796 1058 3882 magnificum
1102 3796 1280 3881 imperium

235 3907 350 3994 populi
379 3907 527 3973 Rimani
554 3907 608 3985 sit,
636 3907 694 3972 sed
721 3906 813 3985 haec,
842 3907 1083 3992 ctiiuscumque
1109 3905 1203 3972 modi
1230 3904 1279 3971 vi-
