3050 4522
299 317 338 384 16
490 332 572 386 THE
599 331 847 388 consnRAcr
873 331 923 385 or
950 329 1140 386 cnrnrns

295 525 350 581 tus
380 525 418 582 ut
448 512 645 597 petitionem
676 533 772 578 suam
802 517 903 578 curae
932 511 1105 589 haberent,
1137 519 1340 575 conventum

297 623 432 691 dimisit.

367 734 491 800 XXII.
520 732 633 802 Fuere
658 737 699 798 ei
723 737 933 815 tempestite
959 737 1018 814 qui
1043 730 1196 796 dic'erent
1222 727 1341 795 Catili-

297 866 388 924 nam,
416 843 577 909 oritione
604 841 732 920 habita,
761 862 841 906 curn
868 841 912 906 ad
939 839 991 904 ius
1018 838 1203 905 iurandum
1231 859 1341 922 popu-

294 956 372 1019 laris
389 952 526 1020 sceleris
542 957 596 1017 sui
612 951 782 1035 adigeret,
802 950 944 1014 humani
962 948 1117 1032 eorporis
1135 947 1341 1031 sanguinem

296 1069 378 1129 vino
404 1061 619 1148 permixtum
644 1060 679 1124 in
705 1065 835 1144 pateris
861 1057 1128 1136 circumtulisse;
1154 1057 1234 1122 inde
1261 1077 1340 1121 curn

261 1183 375 1256 5post
404 1169 681 1237 exsecrationem
710 1175 833 1234 omnes
862 1167 1155 1252 degustavissent,
1187 1173 1276 1231 sicut
1306 1166 1340 1230 in

294 1279 517 1347 sollemnibus
536 1287 641 1348 sacris
660 1279 733 1344 fieri
752 1277 943 1356 consuevit,
964 1275 1140 1361 aperuisse
1159 1274 1341 1342 consilium

295 1410 397 1456 suurn
417 1400 523 1474 atque
544 1395 586 1456 eo
605 1411 642 1456 se
663 1387 794 1466 iecisse,
817 1393 888 1472 quo
909 1386 1000 1452 inter
1019 1392 1055 1452 se
1076 1385 1136 1451 fidi
1157 1385 1269 1470 magis
1290 1384 1341 1449 fo-

295 1510 379 1577 rent,
399 1499 484 1564 alius
504 1498 561 1564 alii
580 1503 666 1564 tanti
687 1496 849 1562 facinoris
870 1495 1006 1561 conscii.
1052 1495 1134 1559 Non
1154 1494 1238 1558 nulli
1260 1492 1341 1558 ficta

296 1619 329 1674 et
352 1609 438 1675 haec
461 1619 495 1675 et
519 1609 630 1673 multa
653 1613 833 1692 praeterea
856 1605 1118 1671 existumabant
1142 1604 1186 1669 ab
1211 1609 1258 1669 eis
1283 1608 1342 1687 qui

245 1741 276 1778 10
297 1717 475 1783 Ciceronis
498 1717 673 1795 invidiam,
698 1737 787 1800 quae
810 1721 935 1799 postea
957 1724 1036 1780 orta
1059 1724 1122 1793 est,
1147 1713 1245 1778 leniri
1269 1717 1342 1777 cre-

294 1826 423 1891 debant
440 1827 626 1892 atrocitate
643 1824 779 1892 sceleris
797 1831 918 1892 eorum
935 1830 995 1908 qui
1012 1829 1142 1908 poenis
1160 1822 1339 1887 dederant.

296 1934 407 2000 Nobis
427 1957 466 2002 ea
485 1941 538 2001 res
557 1941 619 2019 pro
638 1932 880 2019 magnitudine
899 1954 1023 2018 parum
1042 1941 1222 2016 comperta
1242 1941 1304 1996 est.

367 2043 511 2109 XXIII.
542 2043 611 2110 Sed
637 2043 672 2108 in
700 2049 740 2109 ei
766 2042 1008 2108 coniuratione
1035 2041 1100 2106 fuit
1129 2041 1173 2126 Q.
1204 2039 1340 2118 Curius

297 2159 399 2218 natus
423 2153 516 2219 haud
541 2153 690 2218 obscuro
715 2153 805 2230 loco,
831 2151 973 2236 flagitiis
998 2161 1104 2236 atque
1129 2148 1341 2215 facinoribus

296 2269 468 2346 copertus,
492 2283 597 2346 quern
618 2267 780 2327 censores
802 2266 927 2326 senatu
949 2261 1070 2344 probri
1091 2259 1203 2344 gratia
1224 2264 1342 2324 move-

298 2380 386 2437 rant.
435 2371 530 2436 Huic
553 2370 685 2436 homini
708 2376 779 2434 non
803 2369 916 2434 minor
940 2368 1076 2434 vanitas
1100 2369 1211 2434 inerat
1236 2389 1342 2452 quarn
1415 2448 1417 2451 .

261 2504 274 2554 5
295 2479 455 2558 audacia;
475 2501 587 2564 neque
607 2479 753 2545 reticere
774 2500 864 2563 quae
884 2477 1051 2557 audierat,
1073 2499 1185 2562 neque
1207 2486 1342 2543 suamet

298 2589 369 2674 ipse
398 2589 526 2654 scelera
556 2589 742 2667 occultare,
773 2595 913 2673 prorsus
943 2609 1057 2672 neque
1086 2588 1199 2653 dicere
1229 2607 1342 2670 neque

295 2698 408 2764 iacere
427 2697 613 2782 quicquam
631 2703 729 2781 pensi
747 2697 910 2762 habebat.
955 2696 1042 2761 Erat
1060 2703 1091 2762 ei
1109 2717 1189 2761 cum
1208 2694 1341 2775 Fulvia,

294 2807 437 2872 muliere
470 2805 588 2884 nobili,
624 2812 734 2890 stupri
767 2816 867 2871 vetus
903 2805 1137 2883 consuetudo;
1172 2805 1228 2870 cui
1261 2823 1342 2869 curn

295 2916 408 2980 minus
426 2923 548 3000 gritus
566 2926 667 2993 esset,
687 2915 768 2999 quia
786 2915 904 2999 inopii
921 2914 1035 2980 minus
1053 2913 1174 2998 largiri
1192 2923 1341 2999 poterat,

246 3055 277 3090 10
297 3035 438 3108 repente
461 3024 613 3110 glorians
636 3025 744 3090 maria
766 3031 966 3108 montisque
988 3023 1143 3108 polliceri
1165 3023 1282 3107 coepit
1307 3036 1341 3089 et

297 3134 419 3198 minari
441 3133 613 3199 interdum
636 3134 736 3214 ferro,
760 3140 795 3198 ni
818 3133 882 3198 sibi
905 3133 1060 3198 obnoxia
1083 3133 1182 3212 foret,
1207 3139 1343 3216 postre-

298 3249 357 3307 mo
383 3242 532 3308 ferocius
559 3243 695 3327 agitare
723 3264 828 3327 quarn
855 3243 979 3308 solitus
1006 3251 1091 3309 erat.
1142 3241 1191 3306 At
1220 3240 1343 3305 Fulvia

295 3351 501 3417 insolentiae
521 3350 606 3419 Ciiri
625 3358 730 3417 causi
749 3351 893 3436 cognita
912 3353 979 3418 tale
999 3352 1192 3436 periculum
1213 3356 1261 3416 rei
1281 3355 1344 3434 pii-

296 3460 405 3526 blicae
425 3461 519 3525 haud
539 3462 717 3526 occultum
738 3461 870 3540 habuit,
894 3461 954 3526 sed
975 3461 1112 3526 sublato
1133 3466 1278 3526 auctore
1300 3459 1344 3524 de

246 3599 275 3648 15
299 3567 464 3634 Catilinae
494 3569 730 3635 coniuritione
763 3591 848 3652 quae
881 3576 1019 3652 quoquo
1053 3569 1157 3635 inodo
1191 3568 1345 3633 audierat

298 3678 533 3762 compluribus
553 3678 714 3743 narravit.
760 3679 812 3743 Ea
832 3685 887 3743 res
907 3677 940 3742 in
961 3685 1077 3763 primis
1098 3677 1213 3744 studia
1233 3677 1344 3743 homi-

298 3808 381 3851 nurn
403 3787 562 3852 accendit
585 3787 629 3852 ad
651 3788 871 3852 consulatum
893 3787 1131 3852 mandandum
1154 3787 1204 3852 M.
1227 3786 1344 3852 Tullio

300 3894 469 3961 Ciceroni.
521 3896 684 3980 Namque
710 3901 813 3962 antea
838 3896 1002 3980 pleraque
1028 3895 1190 3961 nobilius
1215 3893 1344 3960 invidii
