3050 4522
294 335 331 381 10
483 333 566 385 THE
592 332 839 387 CONSPIRACY
866 333 916 387 OF
942 333 1133 387 CATILINE

292 511 395 595 dique
419 509 620 596 parricidae,
647 511 816 598 sacrilegi,
843 512 996 601 convicti
1021 511 1156 578 iadiciis
1181 522 1244 578 aut
1270 518 1333 597 pra

292 620 391 686 lactis
415 619 581 686 iadicium
605 620 778 700 timentes,
804 622 849 688 ad
873 623 940 687 hac
965 627 1053 706 quos
1078 631 1333 706 manus·atque

238 755 269 792 ιο
288 726 406 813 lingua
430 727 582 812 perieris>
608 739 667 795 aut
693 729 862 815 sanguine
887 732 978 796 civili
1003 730 1126 809 alebat,
1153 736 1332 815 postremo

288 844 408 904 omnes
428 844 517 922 quas
537 837 720 923 flagitium,
742 845 889 923 egestas,
912 839 1073 904 canscius
1094 839 1230 905 animus
1251 861 1333 906 exa-

287 946 436 1032 gitabat,
470 953 500 1013 ei
533 945 704 1014 Catilinae
735 954 900 1032 proxumi
932 947 1187 1031 familiaresque
1220 957 1330 1014 erant.

289 1056 396 1140 Quod
415 1062 443 1122 si
461 1056 538 1141 quis
558 1055 666 1122 etiam
684 1062 705 1122 a
723 1057 824 1140 culpa
843 1078 974 1122 vacuus
993 1057 1028 1121 in
1048 1056 1239 1122 amicitiam
1258 1057 1333 1122 eius

289 1164 466 1244 inciderat,
497 1165 675 1231 cotidiana
704 1170 770 1230 [1ss1
799 1175 904 1248 atque
934 1165 1112 1231 inlecebris
1142 1165 1241 1231 facile
1271 1172 1333 1251 par

177 1285 179 1288 ’
237 1301 265 1350 15
289 1273 475 1359 similisque
501 1281 627 1340 ceteris
653 1273 877 1340 efficiebatur.
929 1272 998 1340 Sed
1024 1280 1188 1339 maxume
1214 1274 1331 1339 adule-

287 1383 459 1449 scentium
480 1382 731 1449 familiaritates
751 1382 939 1466 adpetebat
947 1404 954 1461 ;
976 1389 1097 1449 eorum
1118 1383 1224 1448 animi
1246 1383 1332 1448 mol-

288 1491 336 1556 les
362 1491 463 1557 etiam
489 1501 521 1557 et
547 1492 631 1557 fluxi
656 1492 756 1556 donIs
782 1491 873 1556 haud
899 1491 1076 1556 difficulter
1102 1492 1329 1575 capiebantur.

289 1601 382 1666 Nam
405 1611 444 1666 ut
469 1601 637 1686 citiusque
661 1601 815 1667 studium
840 1623 884 1666 ex
907 1607 1025 1666 aetate
1049 1599 1232 1686 flagrabat,
1257 1599 1332 1667 aliis

287 1721 403 1776 scorta
423 1712 597 1795 praebere,
618 1711 692 1776 aliis
713 1717 816 1776 canes
836 1720 941 1794 atque
962 1715 1071 1794 equas
1093 1716 1247 1789 mercari,
1269 1732 1332 1794 po·

234 1843 266 1880 20
286 1825 414 1884 strema
435 1840 548 1903 neque
570 1825 725 1903 samptui
745 1840 858 1903 neque
878 1818 1058 1885 molestiae
1079 1840 1160 1884 suae
1180 1840 1331 1903 parcere,

286 1927 370 1992 dum
388 1927 464 1992 illos
483 1927 658 1994 obnoxias
677 1928 836 2013 fidosque
856 1927 919 1993 sibi
939 1927 1080 1993 faceret.
1126 1926 1206 1993 Scio
1226 1927 1331 1993 luisse

288 2042 358 2101 nan
387 2036 502 2102 nallos
531 2043 591 2121 qui
618 2037 667 2103 ita
696 2043 959 2126 existumarent,
990 2035 1211 2102 iuventutem
1242 2057 1331 2121 quae

288 2144 427 2210 domum
456 2144 622 2212 Catilinae
652 2145 887 2229 frequentabat
916 2166 1036 2230 parum
1065 2146 1206 2211 honeste
1235 2144 1331 2230 pudi-

286 2254 404 2320 citiam
422 2255 597 2334 habuisse;
615 2257 675 2322 sed
694 2278 738 2322 ex
755 2255 830 2322 aliis
848 2255 952 2321 rebus
970 2255 1093 2340 magis,
1112 2277 1218 2340 quarn
1236 2256 1331 2340 quod

235 2390 265 2439 25
288 2363 450 2448 cuiquam
472 2364 506 2430 id
529 2375 749 2450 compertum
772 2365 873 2443 loret,
898 2364 985 2431 haec
1008 2364 1100 2430 fama
1123 2365 1271 2430 valebat.

356 2472 434 2538 XV.
465 2472 538 2537 lam
565 2479 711 2556 primum
739 2473 938 2539 adulescens
967 2472 1113 2538 Catilina
1141 2473 1248 2539 multa
1273 2494 1330 2538 ne-

287 2583 390 2648 landa
412 2592 533 2667 stupra
555 2582 694 2661 iecerat,
718 2604 797 2648 cum
819 2583 953 2668 virgine
976 2583 1093 2662 nobili,
1118 2605 1198 2648 cum
1221 2603 1331 2649 sacer-

286 2692 368 2757 dote
398 2691 537 2770 Vestae,
568 2691 634 2757 alia
664 2691 807 2758 hiriusce
837 2692 933 2757 modi
963 2698 1087 2758 contra
1116 2692 1169 2757 ius
1199 2691 1330 2778 fasque.

287 2801 471 2866 Postremo
502 2810 626 2884 captus
656 2807 775 2867 amore
805 2801 970 2868 Aureliae
1003 2801 1200 2883 Orestillae,
1233 2802 1331 2868 caius

252 2920 418 2997 5praeter
444 2908 593 2974 formam
619 2909 702 2972 nihil
729 2931 889 2992 umquam
916 2912 1024 2976 bonus
1051 2912 1212 2989 laudavit,
1240 2912 1331 2996 quod

284 3040 323 3084 ea
350 3019 480 3084 nubere
507 3018 554 3082 illi
582 3018 761 3085 dubitabat
789 3017 916 3085 timens
944 3026 1144 3105 privignum
1173 3021 1330 3086 adultum

284 3134 410 3208 aetate,
427 3133 492 3212 pro
508 3133 605 3193 certe
622 3127 774 3193 creditur
790 3135 915 3195 necate
932 3127 1005 3194 lilio
1021 3151 1169 3195 vacuam
1187 3131 1331 3195 domum

287 3237 442 3302 scelestis
468 3235 599 3320 nuptiis
626 3236 755 3303 iecisse.
808 3237 910 3322 Quae
938 3238 1078 3322 quidem
1106 3246 1158 3304 res
1186 3239 1268 3304 mihi
1296 3239 1330 3304 in

285 3351 402 3429 primis
419 3344 558 3411 videtur
574 3367 679 3412 causa
697 3346 801 3414 luisse
818 3346 951 3412 lacinus
968 3348 1178 3413 maturandi.
1223 3348 1331 3413 Nam-

235 3475 353 3538 loque
376 3454 511 3520 animus
534 3453 699 3538 impurus
725 3456 777 3520 dis
800 3440 1069 3540 hominibusque
1092 3457 1247 3535 infestus,
1273 3479 1330 3524 ne-

287 3584 354 3646 que
376 3562 503 3648 vigiliis
526 3584 638 3648 neque
662 3563 837 3648 quietibus
860 3565 973 3630 sedari
995 3575 1153 3649 poterat;
1176 3565 1225 3630 ita
1249 3571 1331 3631 cen-

285 3670 423 3736 scientia
447 3682 601 3738 mentem
633 3673 779 3738 excitam
811 3674 974 3738 vastabat.
1032 3673 1143 3757 Igitur
1174 3674 1268 3740 colos
1301 3680 1331 3739 ei

287 3781 486 3866 exsanguis,
510 3782 603 3848 foedi
625 3784 727 3857 oculi,
751 3783 841 3848 citus
863 3783 980 3860 mod0‚
1006 3784 1112 3849 modo
1136 3784 1257 3849 tardus
1280 3783 1331 3846 in-

285 3911 417 3969 cessus;
434 3897 574 3977 prorsus
592 3891 625 3955 in
644 3890 730 3957 facie
748 3892 914 3978 voltuque
933 3892 1097 3958 vecordia
1115 3892 1236 3958 inerat.
