3050 4522
400 365 483 418 THE
510 365 758 420 CONSPlRACY
784 367 833 420 OF
860 365 1051 419 CATlLlNE
1204 367 1241 416 21

200 565 329 628 gerere,
351 565 464 628 neque
484 551 606 628 pacem
626 545 762 625 habere,
784 551 849 610 sud
870 545 1016 630 quisque
1037 551 1134 612 metti
1155 553 1243 632 peri-

202 653 279 717 cula
306 659 427 718 metiri.
478 653 536 719 Ad
564 653 630 719 hdc
657 653 827 732 mulieres,
856 654 982 738 quibus
1009 661 1058 720 rei
1085 655 1243 741 publicae

201 761 444 846 magnitudine
471 763 551 827 belli
578 762 684 827 timor
710 762 872 828 insolitus
899 764 1097 844 incesserat,
1127 765 1243 832 adflic-

201 876 275 936 tare
297 877 381 948 sese,
404 877 528 936 mamis
549 871 721 956 supplices
743 873 787 938 ad
809 873 945 938 caelum
966 875 1119 953 tendere,
1142 874 1243 942 mise-

199 985 266 1044 rari
288 986 414 1063 parvds
436 980 572 1060 libertis,
595 980 747 1066 rogitare
770 981 898 1061 omnia,
922 989 1057 1066 pavere,
1083 983 1243 1069 superbia
1265 1012 1296 1048 ιο

198 1099 305 1173 atque
327 1089 456 1155 deliciis
476 1089 612 1155 omissis
633 1090 696 1155 sibi
717 1091 920 1175 patriaeque
942 1091 1107 1159 diffidere.

265 1197 315 1264 At
336 1197 505 1266 Catilinae
524 1199 673 1265 crudelis
692 1199 829 1266 animus
849 1201 971 1267 eadem
991 1202 1047 1267 illa
1066 1203 1242 1282 movebat,

191 1313 338 1391 ‚tametsi
358 1308 529 1391 praesidia
550 1309 761 1392 parabantur
783 1320 817 1376 et
840 1310 911 1394 ipse
933 1311 1011 1395 lege
1035 1311 1171 1378 Plautia
1193 1312 1243 1377 in·

198 1423 398 1501 terrogatus
416 1428 491 1484 erat
510 1417 553 1483 ab
573 1417 612 1484 L.
634 1418 754 1484 Pauld.
799 1419 986 1485 Postremi)
1005 1419 1243 1487 dissimulandi

197 1531 297 1590 causa
331 1536 389 1592 aut
424 1532 476 1591 sui
510 1520 773 1612 expurgandi,†
794 1528 880 1594 sieut
915 1528 1030 1614 iurgid
1067 1531 1238 1596 lacessitus
1265 1559 1293 1609 15

200 1635 300 1713 foret,
329 1635 364 1700 in
394 1642 555 1701 senatum
584 1637 688 1702 venit.
743 1637 835 1703 Tum
866 1639 915 1703 M.
946 1638 1080 1704 Tullius
1109 1637 1240 1718 cdnsul,

197 1751 268 1810 sive
291 1745 518 1828 praesentiam
541 1746 615 1812 eius
637 1746 763 1814 timens
786 1754 857 1814 sive
877 1754 927 1814 ira
948 1755 1145 1826 conmdtuS,
1167 1755 1243 1815 dra-

197 1853 329 1919 tibnem
351 1853 472 1920 habuit
495 1855 708 1922 luculentam
729 1866 836 1941 atque
858 1857 979 1923 utilem
1001 1865 1050 1924 rei
1072 1857 1240 1941 publicae,

199 1985 305 2047 quam
329 1970 449 2048 postea
474 1971 638 2048 scriptam
664 1965 783 2032 edidit.
834 1965 903 2033 Sed
928 1967 986 2032 ubi
1012 1967 1067 2033 ille
1093 1967 1240 2047 adsedit,

198 2071 359 2151 Catilina,
381 2083 420 2139 ut
441 2085 515 2140 erat
537 2081 678 2158 paratus
699 2077 743 2141 ad
764 2075 1012 2142 dissimulanda
1034 2075 1161 2156 omnia,
1184 2077 1242 2143 de·
1262 2108 1295 2145 no

196 2181 301 2247 missi)
319 2183 427 2260 voltu,
444 2189 532 2249 vdce
550 2185 697 2267 supplici
715 2186 890 2268 postulare
907 2191 927 2251 a
944 2181 1098 2269 patribus
1115 2185 1242 2270 coepit,

197 2297 239 2356 ne
259 2290 403 2374 quidde
423 2298 459 2357 se
477 2299 608 2358 temere
627 2293 822 2372 crederent;
843 2301 883 2360 ea
901 2294 1028 2360 familia
1048 2305 1175 2372 ortum,
1196 2294 1242 2359 ita

200 2406 235 2465 se
258 2401 302 2466 ab
327 2401 563 2467 adulescentia
587 2409 698 2468 vitam
722 2402 914 2470 instituisse
939 2413 978 2468 ut
1006 2403 1123 2469 omnia
1148 2404 1241 2469 bona

197 2509 230 2574 in
250 2517 310 2594 spe
329 2511 489 2588 haberet;
510 2517 553 2576 ne
573 2518 825 2578 existumarent
846 2512 919 2591 sibi,
941 2512 1089 2597 patricid
1109 2512 1242 2577 homini

196 2619 292 2685 cuius
310 2619 417 2704 ipsius
436 2631 541 2704 atque
562 2620 734 2686 maibrum
753 2622 914 2705 pluruma
933 2622 1100 2688 beneficia
1118 2623 1152 2686 in
1172 2622 1242 2706 ple·
1262 2644 1293 2694 25

198 2729 275 2796 bem
298 2730 496 2796 Rdmanam
518 2743 643 2810 essent,
668 2731 804 2816 perdita
826 2737 862 2796 re
883 2730 1021 2814 publica
1044 2752 1132 2814 opus
1156 2751 1239 2808 esse,

199 2861 276 2905 cum
300 2862 378 2906 eam
402 2848 556 2908 servaret
582 2842 631 2906 M.
657 2841 801 2918 Tullius
827 2839 1015 2924 inquilinus
1040 2839 1123 2904 civis
1147 2838 1241 2905 urbis

198 2949 339 3016 Rbmae.
381 2951 438 3017 Ad
455 2952 522 3017 hde
538 2951 627 3016 male
645 2951 738 3016 dieta
756 2950 822 3015 alia
839 2971 920 3015 eum
936 2948 1090 3023 adderet,
1108 2949 1241 3014 obstre-

197 3080 275 3142 pere
296 3067 429 3139 omneS,
451 3061 588 3126 hostem
609 3070 716 3144 atque
738 3057 948 3143 parricidam
969 3063 1103 3124 vocare.
1149 3057 1241 3123 Tum

196 3167 248 3234 ille
266 3169 481 3248 furibundus,
502 3169 702 3253 “quoniam
720 3168 860 3253 quidem
879 3166 1172 3246 circumventus,’'
1191 3166 1241 3230 in·
1262 3192 1295 3240 30

199 3278 283 3361 quit,
309 3279 386 3344 “ab
412 3279 559 3344 inimicis
584 3299 749 3363 praeceps
774 3299 872 3363 agor,
899 3276 1098 3343 incendium
1124 3297 1240 3342 meum

197 3393 293 3452 ruina
309 3387 560 3473 restinguam.’'

266 3497 430 3562 XXXII.
461 3497 598 3564 Deinde
626 3505 662 3564 se
690 3521 734 3564 ex
762 3497 857 3564 curia
885 3498 1029 3564 domum
1057 3494 1237 3580 prdripuit.

109 3591 111 3594 ’
200 3605 249 3670 Ibi
275 3607 386 3672 multa
412 3607 484 3691 ipse
511 3615 629 3673 secum
654 3609 807 3685 volvens,
836 3609 930 3692 quod
957 3627 1070 3690 neque
1095 3603 1239 3671 insidiae

195 3715 326 3782 cdnsuli
341 3716 576 3800 prdcedebant
592 3728 625 3782 et
642 3717 685 3782 ab
700 3717 862 3783 incendit)
877 3716 1102 3800 intellegebat
1117 3714 1240 3781 urbem

197 3824 320 3910 vigiliis
343 3831 523 3904 munitam,
549 3835 736 3909 optumum
760 3826 854 3891 laetu
879 3826 1021 3891 credens
1046 3824 1238 3892 exercitum

196 3941 322 4018 augere
354 3955 403 4013 ac,
435 3934 636 4019 priusquam
668 3934 825 4019 legir'mes
858 3936 1098 4013 scriberentur,
1132 3933 1273 4016 multa5
