3050 4522
300 333 341 394 28
496 347 577 399 THE
604 347 852 403 CONSPIRACY
878 351 928 403 OF
953 350 1144 404 CATILINE

267 551 280 602 5
303 533 364 612 spe
391 536 486 593 certa
513 527 675 611 praemia.
728 527 829 594 Haec
856 528 921 593 illis
949 529 1170 594 volventibus
1199 531 1341 595 tandem

301 635 383 700 vicit
402 635 544 701 fortona
563 642 613 701 rei
632 636 799 720 poblicae.
845 636 973 721 Itaque
994 637 1037 720 Q.
1060 637 1170 703 Fabio
1191 637 1340 722 Sangae,

300 743 396 809 cuius
414 744 606 828 patrocinio
626 743 746 810 civitas
764 745 967 829 plorumum
984 747 1156 824 ittebotur,
1175 768 1248 812 rem
1268 767 1342 812 om-

300 874 386 930 nem,
410 860 459 918 uti
480 859 722 938 cognoverant,
746 853 909 936 aperiunt.
957 853 1087 932 Cicero,
1110 877 1169 938 per
1191 855 1342 938 Sangam

300 962 443 1027 consilio
464 962 614 1048 cognito,
637 963 758 1048 legetis
777 963 939 1046 praecipit
959 973 996 1028 ut
1018 963 1166 1029 studium
1187 963 1341 1028 coniure-

249 1101 280 1136 10
299 1071 402 1137 tionis
419 1073 642 1138 vehementer
658 1073 833 1152 simulent,
853 1079 987 1139 ceteros
1005 1074 1143 1152 adeant,
1162 1073 1251 1138 bene
1269 1073 1341 1157 pol-

301 1180 481 1260 liceantur,
513 1182 667 1266 dentque
698 1203 841 1266 operam
869 1188 922 1247 uti
952 1189 1011 1248 eos
1042 1203 1146 1266 quam
1177 1187 1341 1247 maxume

300 1290 514 1356 manufestos
535 1291 695 1356 habeant.
1264 1353 1265 1356 ,

370 1398 488 1464 XLII.
514 1387 629 1465 isdem
652 1401 723 1466 iere
746 1400 963 1484 temporibus
987 1401 1022 1465 in
1047 1399 1158 1466 Gallio
1181 1399 1341 1466 citeriore

298 1518 403 1592 atque
421 1507 595 1588 ulteriore,
616 1509 699 1574 item
717 1511 752 1574 in
771 1517 857 1594 agro
878 1510 1017 1590 Piceno,
1040 1509 1194 1589 Bruttio,
1214 1509 1340 1594 Apsilia

296 1621 410 1682 motus
429 1625 509 1681 erat.
555 1617 712 1701 Namque
732 1618 780 1682 illi
798 1625 884 1701 quos
905 1629 982 1684 ante
1002 1618 1149 1684 Catilina
1169 1619 1340 1686 dimiserat

298 1725 487 1791 inconsulte
507 1748 546 1791 ac
566 1727 670 1792 veluti
690 1749 749 1811 per
770 1728 975 1792 dementiam
997 1734 1118 1793 cuncta
1140 1729 1238 1793 simul
1261 1711 1340 1814 age·

262 1863 275 1914 5
295 1835 380 1900 bant
389 1857 396 1914 ;
411 1843 590 1902 nocturnis
606 1837 767 1916 consiliis,
784 1843 960 1902 armorum
976 1849 1081 1922 atque
1097 1839 1247 1904 telorum
1263 1859 1340 1922 por-

298 1943 493 2022 tationibuS,
523 1943 728 2024 festinando,
757 1946 933 2032 agitando,
962 1947 1076 2012 omnia
1103 1947 1178 2030 plos
1205 1947 1339 2012 timoris

298 2073 403 2136 quarn
425 2055 568 2138 periculi
590 2055 789 2121 effecerant.
838 2055 894 2120 Ex
917 2062 959 2122 eo
982 2062 1130 2122 numero
1153 2057 1339 2140 compluris

298 2161 341 2246 Q.
362 2163 526 2228 Metellus
545 2163 645 2230 Celer
662 2175 803 2248 praetor
821 2187 865 2231 ex
883 2171 1024 2230 senatos
1043 2167 1215 2245 consulto,
1236 2171 1339 2231 causo

296 2271 444 2355 cognita,
464 2271 498 2335 in
517 2272 652 2337 vincula
669 2273 867 2352 coniecerat,
888 2275 968 2338 item
993 2274 1045 2356 [in
1064 2274 1236 2356 citeriore]
1262 2274 1339 2340 Gal-

248 2411 278 2447 10
297 2379 340 2445 lia
360 2379 397 2446 C.
419 2381 577 2460 Murena,
598 2389 657 2466 qui
675 2389 706 2448 ei
724 2383 924 2466 provinciae
944 2384 1080 2468 legatus
1099 2394 1268 2468 praeerat.

366 2489 504 2555 XLIII.
521 2489 570 2556 At
587 2491 722 2556 Romae
739 2491 909 2557 Lentulus
926 2514 1006 2558 cum
1022 2499 1154 2573 ceteris
1173 2501 1232 2578 qui
1248 2501 1339 2578 prin-

299 2597 392 2682 cipes
419 2599 670 2664 coniurationis
697 2611 803 2680 erant,
832 2608 962 2685 paratis
989 2613 1027 2667 ut
1056 2603 1240 2668 videbatur
1268 2611 1338 2669 me-

297 2714 374 2792 gnis
393 2708 511 2791 copiis,
532 2709 787 2775 constituerant
806 2717 869 2789 uti,
890 2732 970 2776 cum
990 2710 1141 2776 Catilina
1161 2711 1195 2776 in
1215 2734 1339 2797 agrum

299 2815 530 2882 Faesulanum
554 2839 633 2883 cum
656 2818 811 2884 exercito
834 2819 995 2899 venisset,
1021 2820 1060 2884 L.
1088 2819 1206 2887 Bestia
1231 2809 1338 2886 triboss

263 2958 275 3008 5
297 2946 360 2989 nus
385 2925 501 3009 plebis,
526 2926 686 2992 contione
709 2927 833 3004 habite,
860 2935 1056 3011 quereretur
1082 2930 1124 2994 de
1149 2931 1338 2995 actionibus

298 3033 476 3100 Ciceronis
498 3035 647 3120 bellique
670 3037 877 3122 gravissumi
898 3037 1064 3104 invidiam
1087 3047 1234 3124 optumo
1256 3046 1338 3105 con-

297 3144 361 3208 suli
377 3143 584 3227 imponeret;
601 3151 643 3210 eo
660 3152 761 3230 signo
779 3153 953 3230 proxuma
969 3159 1074 3214 nocte
1092 3155 1207 3214 cetera
1225 3149 1338 3214 multi-

297 3253 384 3317 todo
406 3253 655 3318 coniurationis
676 3276 777 3320 suum
799 3255 944 3340 quisque
966 3257 1151 3342 negotium
1172 3280 1338 3342 exseque-

296 3368 401 3426 retur.
447 3361 515 3427 Sed
535 3384 575 3428 ea
595 3363 704 3428 divisa
725 3365 792 3429 hoc
812 3365 918 3430 modo
940 3367 1157 3432 dicebantur:
1180 3367 1337 3433 Statilius

247 3495 277 3531 10
295 3478 327 3533 et
359 3468 521 3534 Gabinius
552 3477 600 3535 uti
631 3493 707 3536 cum
739 3479 864 3556 magna
894 3481 998 3539 mano
1030 3475 1207 3540 duodecim
1238 3477 1337 3541 simul

299 3586 495 3662 opportr'rna
522 3581 597 3645 loca
624 3581 719 3646 urbis
746 3582 980 3664 incenderent,
1010 3591 1080 3668 quo
1108 3585 1261 3650 tumultu
1289 3586 1337 3651 la-

297 3687 393 3753 cilior
415 3689 531 3754 aditus
553 3690 597 3754 ad
620 3692 797 3756 consulem
820 3698 1023 3776 ceterosque
1047 3694 1171 3776 quibus
1193 3695 1337 3760 insidiae

297 3797 509 3880 parabantur
534 3798 632 3864 fieret
641 3820 648 3876 ;
674 3798 853 3884 Cethegus
880 3801 1056 3867 Ciceronis
1082 3801 1221 3868 ianuam
1247 3804 1337 3868 obsi-

296 3907 392 3974 deret
409 3927 558 3992 eumque
573 3913 607 3972 vi
623 3908 882 3992 adgrederetur,
901 3911 987 3975 alius
1003 3921 1122 3976 autem
1139 3912 1259 3990 alium;
1277 3911 1337 3978 sed
