3092 4518
319 353 361 430 48
516 369 598 421 THE
625 367 872 422 CONSPIRACY
898 367 948 421 OF
974 366 1165 420 CATILINE

323 549 366 615 ab
393 555 442 615 eis
467 549 699 627 centuriones,
725 554 839 613 omnIS
865 549 976 613 lectas
1003 560 1037 614 et
1064 553 1242 626 evocatas
1268 567 1365 631 prae-

272 683 303 719 ιο
321 664 415 724 terea
432 680 477 724 ex
495 657 662 742 gregariis
679 656 846 722 militibus
863 668 1046 741 optumum
1064 678 1237 741 quemque
1255 662 1365 721 arma-

321 778 397 832 tum
416 767 450 831 in
468 773 614 851 primam
632 767 742 832 aciem
761 765 932 832 subducit.
976 766 1014 832 C.
1037 766 1208 831 Manlium
1229 766 1263 829 in
1281 765 1365 830 dex-

275 909 280 918 ·
322 882 386 955 tra,
418 875 652 942 Faesulanum
681 875 858 959 quendam
886 874 920 938 in
949 874 1087 939 sinistra
1117 883 1216 957 parte
1246 879 1365 938 curare

320 985 431 1064 iubet;
451 986 524 1070 ipse
544 1007 624 1050 cum
644 984 776 1050 libertis
797 993 830 1048 et
851 983 1030 1049 calonibus
1051 991 1194 1066 propter
1213 981 1365 1066 aquilam

320 1094 468 1175 adsistit,
492 1116 596 1179 quam
618 1094 709 1160 bello
733 1092 908 1158 Cimbrice
931 1091 969 1158 C.
994 1091 1127 1157 Marius
1149 1091 1184 1156 in
1207 1089 1365 1157 exercitii

271 1228 299 1278 15
319 1203 480 1270 habuisse
499 1205 688 1270 dicebatur.

390 1312 439 1379 At
467 1335 511 1380 ex
536 1313 647 1379 altera
672 1323 769 1398 parte
797 1311 834 1378 C.
862 1310 1049 1388 Antonius
1077 1310 1222 1395 pedibus
1249 1331 1363 1397 aeger,

319 1420 409 1505 quod
428 1422 557 1507 proelio
577 1422 694 1487 adesse
713 1421 881 1504 nequibat,
903 1421 952 1485 M.
976 1419 1113 1484 Petreio
1135 1420 1250 1503 legato
1270 1440 1364 1484 exer-

322 1533 431 1598 citum
460 1531 641 1617 permittit.
697 1532 759 1597 Ille
788 1531 943 1597 cohortis
972 1535 1165 1608 veteranas,
1197 1535 1281 1613 quas
1310 1539 1365 1594 tu-

319 1641 446 1705 multus
477 1647 578 1706 causa
609 1647 864 1724 censeripserat,
896 1640 930 1704 in
963 1638 1086 1716 fronte,
1117 1648 1193 1722 post
1224 1645 1280 1703 eas
1311 1643 1364 1703 ce-

268 1777 301 1814 20
319 1760 429 1816 terum
461 1750 646 1816 exercitum
679 1750 713 1814 in
747 1749 904 1815 subsidiis
938 1748 1043 1826 locat;
1078 1747 1149 1831 ipse
1181 1754 1268 1832 equo
1301 1747 1364 1812 cir-

319 1859 470 1925 cumiens
499 1866 773 1944 unumquemque
800 1859 982 1924 neminans
1012 1857 1168 1941 adpellat,
1198 1857 1364 1935 hortatur,

319 1981 422 2056 rogat
442 1979 481 2036 ut
502 1969 722 2036 meminerint
743 1976 779 2035 se
800 1975 922 2035 contra
942 1970 1096 2034 latrones
1117 1967 1277 2046 inermes
1300 1972 1364 2052 prb

321 2079 441 2163 patria,
466 2085 529 2164 pre
552 2079 678 2158 liberis,
703 2085 766 2163 pro
789 2085 858 2144 aris
882 2089 990 2162 atque
1014 2078 1100 2143 focis
1125 2084 1195 2143 suis
1220 2083 1362 2142 certare.

320 2188 443 2254 Homo
461 2187 626 2266 militaris,
645 2187 741 2271 quod
756 2187 904 2272 amplius
922 2194 1030 2252 annos
1047 2187 1191 2271 triginta
1206 2186 1366 2252 tribanus

268 2325 298 2374 25
319 2307 378 2363 aut
406 2297 599 2380 praelectus
628 2308 687 2363 aut
713 2297 850 2382 legatus
876 2307 935 2363 aut
964 2307 1101 2380 praetor
1130 2316 1210 2362 cum
1238 2301 1366 2380 magna

319 2405 430 2491 gleria
461 2405 495 2470 in
526 2405 682 2472 exercitii
713 2405 834 2484 fuerat,
867 2407 1051 2490 plenisque
1083 2405 1177 2489 ipses
1207 2405 1366 2488 factaque

320 2519 439 2578 earum
477 2512 580 2578 fortia
617 2520 778 2593 neverat;
816 2535 856 2580 ea
893 2514 1180 2580 conmemorande
1218 2513 1365 2578 militum

319 2622 453 2689 animes
471 2623 690 2690 accendebat.

390 2731 468 2797 LX.
492 2731 560 2799 Sed
581 2731 650 2812 ubi,
673 2733 835 2798 omnibus
857 2732 959 2798 rebus
981 2733 1183 2817 explaratis,
1208 2730 1365 2798 Petreius

322 2840 407 2906 tuba
432 2847 571 2926 signum
596 2842 667 2920 dat,
695 2843 849 2907 cohortis
875 2843 1046 2926 paulatim
1070 2842 1227 2907 incedere
1253 2841 1348 2906 iubet
1357 2863 1365 2920 ;

322 2949 413 3016 idem
444 2950 525 3016 lacit
555 2950 709 3016 hostium
741 2950 923 3017 exercitus
981 2951 1178 3035 Postquam
1209 2956 1251 3016 ee
1282 2972 1365 3017 ven-

320 3068 393 3124 tum
419 3068 468 3124 est
493 3058 583 3125 unde
608 3065 628 3124 a
654 3057 845 3132 ferentariis
871 3060 1036 3144 proelium
1063 3061 1216 3125 conmitti
1241 3069 1364 3143 posset,

286 3203 299 3253 5
319 3174 486 3238 maxume
504 3168 655 3234 clamere
673 3190 753 3234 cum
769 3168 905 3234 infestis
923 3176 1032 3254 signis
1051 3179 1278 3248 concurrunt;
1297 3169 1366 3252 pila

320 3276 501 3356 omittunt,
536 3277 660 3362 gladiis
694 3284 748 3343 res
781 3278 925 3363 geritur.
983 3279 1162 3357 Veterani,
1198 3277 1366 3363 pristinae

322 3385 457 3450 virtutis
486 3392 664 3463 memoreS,
695 3386 850 3452 cominus
879 3388 1001 3452 acriter
1029 3394 1166 3466 instare,
1197 3388 1245 3451 illi
1274 3386 1366 3451 haud

320 3494 432 3561 timidi
451 3495 630 3573 resistunt;
650 3502 816 3562 maxuma
835 3503 869 3562 vi
889 3504 1050 3562 certatur.

390 3604 529 3670 Interea
548 3602 699 3670 Catilina
719 3627 799 3670 cum
819 3606 991 3690 expeditis
1011 3607 1045 3670 in
1064 3612 1176 3690 prima
1196 3605 1269 3672 acie
1288 3625 1366 3671 vor-

271 3743 301 3780 10
321 3717 398 3790 sari,
437 3712 668 3778 laberantibus
706 3735 909 3791 succurrere,
949 3713 1102 3798 integros
1140 3721 1203 3798 pro
1243 3713 1365 3779 sauciis

320 3843 501 3901 arcessere,
534 3822 652 3887 omnia
683 3823 876 3906 providere,
910 3823 1061 3888 multum
1093 3823 1165 3907 ipse
1198 3829 1365 3907 prignare,

322 3951 420 4016 saepe
447 3930 578 3997 hostem
608 3929 726 4008 ferire3
754 3936 883 3996 strenui
910 3931 1027 3996 militis
1055 3941 1088 3997 et
1115 3932 1195 3997 boni
1223 3931 1366 4015 impera·
