3050 4522
271 300 290 360 8
465 311 547 363 THE
574 309 823 363 CONSPIRACY
848 311 898 363 OF
924 311 1115 363 CATILINE

270 490 348 575 pius
371 490 535 556 virtutem
564 497 644 555 erat.
695 487 788 552 Nam
815 485 973 574 gloriam,
999 489 1182 566 honorem,
1209 488 1318 572 impe-

274 601 361 665 rium
385 600 493 664 bonus
519 609 552 664 et
578 598 723 682 ignavus
748 602 855 680 aeque
881 597 943 662 sibi
970 609 1150 682 exoptant;
1177 599 1236 663 sed
1263 598 1319 664 ille

237 735 251 786 5
273 708 430 774 veravie
451 708 585 786 nititur,
609 706 689 771 huic
711 705 793 791 quia
814 706 928 772 bonae
950 713 1041 772 artes
1064 707 1202 787 desunt,
1228 707 1318 774 dolis

270 829 377 902 atque
397 816 539 883 fallaciis
558 815 750 881 contendit.
794 813 951 880 Avaritia
971 815 1140 899 pecuniae
1160 814 1318 881 studium

271 926 386 1004 habet,
405 947 510 1010 quam
527 931 632 990 nemo
649 923 786 1008 sapiens
803 923 1019 1007 concupivit;
1038 946 1078 990 ea
1096 925 1196 1009 quasi
1214 931 1319 991 vene-

272 1042 324 1100 nis
347 1035 446 1100 malis
469 1035 604 1099 imbuta
628 1054 756 1116 corpus
779 1033 1004 1116 animumque
1027 1032 1162 1098 virilem
1186 1033 1319 1100 effemi-

271 1156 341 1223 nat,
364 1165 499 1228 semper
518 1143 665 1221 infinita,
687 1142 892 1207 insatiabilis
915 1152 975 1221 est,
999 1163 1113 1226 neque
1136 1145 1238 1227 cdpia
1259 1163 1318 1208 ne-

220 1286 252 1322 10
271 1275 334 1336 que
359 1253 472 1336 inopia
496 1251 670 1316 minuitur.
720 1251 788 1316 Sed
812 1261 991 1335 postquam
1016 1251 1054 1314 L.
1083 1249 1188 1330 Sulla,
1213 1258 1318 1316 armis

270 1369 411 1448 recepte
428 1369 465 1427 re
482 1361 629 1446 priblicai,
647 1361 748 1426 bonis
766 1360 873 1425 initiis
890 1360 1001 1426 males
1019 1366 1166 1426 eventus
1184 1360 1318 1439 habuit,

271 1494 391 1556 rapere
412 1477 544 1550 omneS,
567 1471 715 1548 trahere,
737 1470 882 1535 domum
903 1470 999 1549 alius,
1022 1469 1110 1535 alius
1132 1476 1238 1554 agres
1259 1492 1319 1537 cu-

221 1582 223 1586 ’
272 1603 363 1666 pere,
391 1601 505 1664 neque
532 1580 676 1645 modum
703 1601 816 1664 neque
842 1579 1054 1644 modestiam
1080 1579 1230 1645 victores
1257 1580 1318 1646 ha-

269 1691 359 1769 bere,
379 1690 481 1755 foeda
499 1688 720 1773 crudeliaque
738 1689 773 1753 in
792 1695 875 1754 civis
893 1687 1047 1754 facinora
1065 1687 1189 1754 facere.
1235 1690 1318 1756 Hric

221 1824 249 1873 15
270 1799 450 1863 accedebat
481 1797 572 1881 quod
604 1797 642 1862 L.
678 1797 772 1862 Sulla
805 1797 1001 1875 exercitum,
1034 1819 1134 1881 quem
1167 1797 1201 1862 in
1233 1799 1319 1865 Asia

271 1909 482 1986 ductaverat,
516 1913 587 1992 que
620 1907 684 1972 sibi
715 1901 826 1972 lidum
859 1907 997 1986 faceret,
1030 1915 1152 1974 contre
1183 1915 1320 1974 morem

269 2017 440 2083 meierum
480 2016 657 2082 luxuriose
698 2016 869 2101 nimisque
910 2016 1095 2082 liheraliter
1135 2017 1317 2084 habuerat.

273 2127 369 2192 Loca
393 2148 552 2206 amoena,
578 2125 774 2211 voluptaria
798 2126 898 2192 facile
922 2127 957 2191 in
983 2127 1056 2192 otie
1081 2127 1206 2193 ferocis
1231 2126 1319 2192 mili-

268 2247 344 2302 tum
365 2235 500 2302 animos
521 2235 749 2302 molliverant.
799 2235 853 2300 Ibi
875 2242 1027 2320 primum
1048 2237 1199 2304 insuevit
1221 2258 1318 2303 exer-

219 2345 355 2410 nocitus
387 2345 502 2428 populi
536 2346 684 2411 Remini
717 2353 841 2424 amare,
874 2353 1011 2430 petere;
1045 2353 1152 2432 signa,
1186 2348 1319 2414 tabulas

269 2461 385 2540 pictas,
419 2461 500 2521 visa
532 2456 659 2521 caelata
691 2463 825 2533 mirari;
858 2478 896 2521 ea
928 2456 1088 2540 privatim
1120 2467 1153 2522 et
1184 2457 1319 2541 publice

269 2587 398 2650 rapere,
419 2565 561 2632 delribra
579 2566 738 2651 spoliare,
759 2587 855 2632 sacra
875 2566 1090 2650 profanaque
1109 2567 1226 2633 omnia
1245 2568 1320 2652 pol-

271 2675 375 2741 luere.
425 2675 539 2760 Igitur
562 2681 593 2741 ei
616 2676 753 2756 milites,
779 2686 966 2760 postquam
990 2676 1174 2742 victeriam
1198 2677 1319 2762 adepti

271 2794 358 2862 sunt,
381 2783 465 2848 nihil
488 2784 607 2868 reliqui
629 2784 726 2850 victis
750 2783 871 2850 fecere.
919 2786 1053 2870 Quippe
1075 2786 1241 2852 secundae
1264 2793 1318 2852 res

220 2921 249 2972 25
269 2894 478 2978 sapientium
499 2893 633 2959 animos
653 2894 798 2979 fatigant
805 2916 813 2973 ;
834 2900 877 2960 ne
897 2894 943 2959 illi
962 2901 1142 2979 conruptis
1162 2895 1318 2961 moribus

271 3003 439 3070 victoriae
461 3010 710 3088 temperarent.

340 3113 426 3178 XII.
445 3113 639 3198 Postquam
656 3112 797 3180 divitiae
813 3113 938 3179 honeri
954 3135 1029 3180 esse
1045 3121 1190 3199 coepere
1207 3126 1242 3182 et
1260 3120 1318 3181 eis

270 3221 393 3308 gldria,
412 3222 605 3307 imperium,
626 3223 785 3307 potentia
804 3224 1026 3307 sequebetur‚
1047 3223 1232 3290 hebescere
1252 3224 1319 3288 vir-

273 3337 339 3411 tus,
367 3339 554 3416 pauperies
580 3332 709 3416 probre
735 3331 865 3410 haberi,
893 3331 1094 3398 innocentia
1121 3339 1186 3417 pre
1212 3334 1318 3399 male-

269 3441 422 3507 volentii
448 3439 528 3505 drici
556 3439 681 3524 coepit.
733 3440 846 3524 Igitur
871 3461 915 3505 ex
943 3440 1071 3506 divitiis
1098 3440 1317 3509 iuventutem

237 3549 407 3632 5li1xuria
427 3559 530 3633 atque
551 3548 692 3614 aviritia
711 3570 791 3615 cum
812 3548 972 3633 superbie
992 3549 1163 3629 invasere;
1185 3571 1318 3635 rapere,

270 3665 489 3737 consrimere3
514 3679 575 3724 sua
600 3658 879 3742 parvipendere,
903 3658 1012 3725 aliena
1037 3679 1181 3744 cupere;
1206 3660 1318 3745 pudo-

272 3791 353 3845 rem,
380 3767 635 3852 impudicitiam,
663 3767 778 3833 divina
803 3779 904 3853 atque
928 3770 1078 3835 hermena
1104 3770 1318 3854 promiscua:

271 3879 354 3950 nihil
375 3884 474 3969 pensi
493 3899 607 3969 neque
628 3878 802 3950 moderati
822 3878 958 3950 habere.
1006 3878 1145 3971 Operae
1166 3881 1319 3972 pretium
