3092 4518
431 359 513 412 THE
539 359 788 414 CONSPIRACY
814 361 864 414 OF
890 359 1081 415 CATILINE
1233 363 1273 430 45

232 536 333 602 initio
360 543 431 602 non
458 538 605 622 amplius
634 539 771 604 duobus
800 540 937 606 milibus
965 539 1150 606 habuisset.
1205 540 1273 608 Sed

232 669 276 712 ex
301 653 397 713 omni
422 647 523 731 copia
548 647 687 714 circiter
713 670 791 733 pars
818 659 941 733 quarta
967 659 1040 716 erat
1068 650 1273 718 militaribus

229 761 332 819 armis
354 761 536 832 instracta;
561 761 673 832 ceteri,
698 767 736 821 ut
759 777 925 840 quemque
949 763 1047 822 casus
1071 765 1271 837 armaverat,

231 871 353 948 sparos
378 875 438 930 aut
465 865 611 947 lanceas
638 865 695 931 alii
720 872 926 951 praeacotas
952 866 1046 932 sudis
1073 868 1271 952 portabant.
1295 896 1325 932 ιο

231 973 300 1039 Sed
328 983 517 1058 postquam
544 974 723 1040 Antonius
753 997 833 1040 cum
862 974 1018 1042 exercito
1048 977 1271 1058 adventabat,

229 1080 375 1147 Catilina
393 1104 452 1166 per
470 1089 595 1148 montis
614 1083 677 1148 iter
697 1082 817 1162 iacere,
838 1084 941 1150 modo
960 1085 1003 1150 ad
1022 1085 1150 1164 urbem,
1170 1086 1273 1152 modo

230 1191 264 1255 in
291 1190 439 1260 Galliam
466 1214 588 1259 vorsus
615 1203 729 1259 castra
756 1199 906 1273 movere,
935 1194 1092 1261 hostibus
1119 1194 1273 1261 occasio-

227 1321 303 1365 nem
322 1300 497 1384 pognandi
517 1307 586 1366 non
606 1301 703 1379 dare;
724 1303 879 1385 sperabat
899 1323 1003 1387 prope
1022 1303 1111 1369 diem
1130 1309 1273 1389 magnas

226 1408 342 1492 copias
365 1413 439 1475 sese
462 1408 668 1488 habitorum,
693 1417 721 1475 si
746 1411 878 1476 Romae
900 1411 981 1477 socii
1006 1412 1137 1497 incepta
1160 1419 1271 1498 patra·
1294 1440 1322 1490 ις

228 1519 367 1584 vissent.
416 1519 556 1585 Interea
578 1520 719 1586 servitia
741 1521 957 1606 repudiabat,
982 1522 1080 1588 cuius
1103 1521 1204 1587 initio
1227 1520 1272 1588 ad

229 1649 308 1694 eum
337 1634 486 1713 magnae
515 1629 636 1713 copiae
665 1630 930 1710 concurrebant,
961 1631 1085 1715 opibus
1115 1629 1272 1696 coniora-

228 1737 333 1805 tionis
361 1737 484 1816 iretus;
512 1737 612 1803 simul
640 1737 793 1804 alienum
822 1745 892 1806 suis
920 1739 1114 1805 rationibus
1143 1745 1272 1806 existu-

225 1851 323 1911 mans
345 1845 454 1910 videri
476 1867 613 1912 causam
636 1846 761 1913 civium
784 1869 861 1914 cum
885 1854 990 1914 servis
1015 1847 1170 1933 fugitivis
1193 1869 1271 1914 con-

226 1955 465 2021 monicavisse.
1291 1991 1324 2028 κο

297 2063 413 2131 LVII.
440 2063 508 2131 Sed
533 2076 724 2150 postquam
747 2065 782 2131 in
806 2077 919 2133 castra
944 2066 1088 2133 nontius
1114 2065 1272 2152 pervenit

228 2174 363 2240 Romae
398 2174 674 2240 coniorationem
708 2175 932 2260 patefactam,
968 2176 1011 2241 de
1047 2174 1201 2241 Lentulo
1236 2184 1270 2242 et

226 2282 387 2368 Cethego
406 2289 602 2368 ceterisque
622 2291 710 2368 quos
730 2291 834 2369 supra
853 2291 1045 2350 memoravi
1064 2284 1273 2369 supplicium

227 2398 417 2477 somptum,
443 2393 607 2478 plerique,
633 2399 721 2478 quos
746 2394 791 2459 ad
815 2394 944 2460 bellum
969 2399 1047 2478 spes
1072 2399 1271 2477 rapinarum

226 2512 288 2568 aut
317 2509 486 2568 novarum
516 2509 630 2568 rerum
660 2503 814 2569 studium
843 2503 1023 2582 inlexerat,
1055 2501 1304 2588 dilabuntur35

106 2671 110 2678 .
226 2611 377 2697 reliquos
401 2611 551 2678 Catilina
574 2633 634 2696 per
658 2618 788 2678 montis
812 2617 954 2696 asperos
979 2617 1116 2696 magnis
1140 2610 1271 2677 itineri-

226 2721 287 2786 bus
316 2720 350 2785 in
378 2742 499 2807 agrum
529 2720 777 2786 Pistoriensem
802 2719 939 2786 abducit
968 2726 1009 2786 eo
1036 2719 1191 2798 consilio,
1221 2725 1270 2785 uti

226 2852 287 2915 per
309 2831 468 2896 tramites
491 2831 630 2897 occulte
653 2830 856 2915 perfugeret
880 2829 914 2894 in
939 2828 1088 2895 Galliam
1111 2829 1271 2895 Transal-

227 2947 354 3024 pinam.

296 3049 344 3115 At
373 3049 417 3134 Q.
447 3049 612 3115 Metellus
639 3047 740 3115 Celer
767 3069 846 3114 cum
874 3047 985 3113 tribus
1012 3046 1208 3132 legionibus
1235 3046 1270 3112 in
1292 3075 1323 3111 ιο

224 3165 311 3244 agro
330 3158 459 3223 Piceno
477 3158 708 3242 praesidebat,
727 3180 772 3224 ex
790 3156 997 3222 difficultate
1015 3162 1129 3221 rerum
1149 3156 1271 3222 eadem

227 3267 283 3334 illa
309 3273 523 3334 existumans
549 3289 638 3350 quae
664 3273 767 3350 supra
793 3265 955 3344 diximus
984 3263 1171 3330 Catilinam
1197 3261 1270 3349 agi-

225 3383 306 3442 tare.
351 3375 462 3460 Igitur
480 3375 536 3440 ubi
557 3375 620 3440 iter
639 3375 712 3440 eius
731 3398 774 3441 ex
793 3373 947 3459 perfugis
967 3372 1140 3458 cognovit,
1162 3381 1271 3438 castra

226 3491 367 3569 propere
393 3484 512 3562 movit,
540 3506 578 3550 ac
605 3485 667 3549 sub
692 3484 773 3567 ipsis
801 3483 969 3549 radicibus
995 3482 1163 3548 montium
1190 3487 1270 3547 con-

227 3595 326 3674 sedit,
351 3601 420 3679 qua
442 3593 489 3658 illi
513 3595 698 3660 descensus
723 3603 797 3658 erat
822 3592 856 3657 in
882 3591 1031 3658 Galliam
1055 3597 1269 3676 properanti.
1292 3622 1321 3670 15

226 3703 352 3786 Neque
384 3713 501 3769 tamen
533 3702 709 3767 Antonius
742 3701 863 3785 procul
897 3702 1024 3778 aberat,
1057 3710 1180 3784 utpote
1213 3704 1272 3783 qui

226 3818 357 3897 magno
386 3811 541 3878 exercito
571 3812 655 3876 locis
683 3809 903 3893 aequioribus
933 3808 1099 3893 expedito
1128 3808 1162 3873 in
1189 3807 1274 3892 iuga

227 3927 439 4006 sequeretur.
487 3919 558 3986 Sed
583 3917 740 3995 Catilina,
765 3927 950 4002 postquam
974 3917 1068 3983 videt
1093 3915 1273 3982 montibus
