3050 4522
365 349 447 401 THE
474 347 722 402 CONSPIRACY
748 349 797 401 OF
824 349 1015 402 CATILINE
1173 349 1210 415 17

168 529 352 594 aestuabat
381 539 416 595 et
444 529 542 613 quasi
570 529 678 613 pollui
705 530 925 594 consulatum
953 530 1150 610 credebant,
1180 539 1208 597 si

165 658 254 714 eum,
281 637 437 720 quamvis
462 637 636 722 egregius
662 637 771 704 homo
798 658 909 704 novus
935 639 1080 723 adeptus
1108 640 1206 706 foret.
1227 666 1259 702 πο

168 745 237 810 Sed
265 747 324 810 ubi
352 747 545 830 periculum
573 747 724 826 advenit,
754 745 882 812 invidia
910 757 1019 832 atque
1047 748 1207 833 superbia

165 864 244 938 post
263 855 366 920 luere.
638 939 641 946 Δ

233 963 373 1030 XXIV.
394 963 512 1049 Igitur
527 964 678 1032 comitiis
695 964 833 1046 habitis,
852 965 1012 1033 consules
1032 966 1207 1034 declaran-

165 1083 221 1138 tur
241 1073 290 1138 M.
311 1073 445 1139 Tullius
465 1085 500 1141 et
521 1073 559 1140 C.
580 1073 767 1140 Antonius.
813 1075 921 1160 Quod
942 1077 1075 1142 lactum
1095 1083 1207 1161 primo

166 1183 341 1266 populans
369 1182 621 1249 coniurationis
649 1195 881 1251 concusserat.
936 1185 1061 1270 Neque
1089 1196 1206 1251 tamen

165 1289 334 1358 Catilinae
352 1291 448 1358 furor
466 1291 698 1373 minuebatur,
718 1293 780 1360 sed
799 1293 834 1358 in
853 1295 925 1360 dies
945 1293 1043 1380 plura
1063 1293 1205 1379 agitare,

165 1422 260 1466 arma
283 1422 344 1485 per
365 1387 506 1468 italiam
528 1403 613 1467 locis
636 1409 845 1488 opportunis
869 1409 999 1488 parare,
1024 1403 1239 1489 pecuniams

164 1515 222 1574 sua
252 1521 311 1576 aut
342 1517 530 1576 amicorum
560 1509 627 1577 fide
659 1517 829 1595 sumptam
861 1518 1015 1578 mutuam
1048 1512 1207 1578 Faesulis

165 1620 208 1684 ad
236 1620 407 1685 Manlium
434 1621 609 1705 quendam
635 1628 786 1706 portire,
814 1628 873 1706 qui
900 1628 1021 1707 posteri
1047 1628 1206 1706 princeps
1231 1615 1236 1627 ¹

163 1727 226 1793 fuit
243 1728 323 1794 belli
339 1729 501 1795 faciundi.
544 1729 597 1796 Ea
614 1737 825 1815 tempestate
843 1731 1022 1816 plurumos
1041 1731 1206 1815 citiusque

161 1837 298 1922 generis
314 1837 472 1904 homines
487 1839 674 1906 adscivisse
690 1840 754 1906 sibi
771 1840 907 1919 dicitur,
924 1839 1084 1906 mulieres
1101 1839 1207 1906 etiam

161 1947 304 2031 aliquot,
324 1969 412 2031 quae
430 1954 542 2032 primo
560 1947 712 2034 ingentis
730 1955 891 2033 sumptus
910 1955 1033 2034 stupro
1052 1949 1206 2034 corporis
1227 1971 1258 2007 10

164 2057 409 2136 toleraverant,
434 2067 525 2142 post,
548 2057 608 2123 ubi
631 2065 729 2124 aetas
752 2069 893 2124 tanturn
915 2058 1021 2124 modo
1046 2064 1207 2143 quaestui

163 2186 269 2249 neque
297 2165 453 2232 luxuriae
480 2167 621 2232 modum
650 2166 787 2246 fecerat,
816 2167 965 2233 alienum
994 2189 1050 2233 aes
1078 2167 1206 2252 grande

162 2275 409 2340 conflaverant.
452 2275 520 2342 Per
537 2282 595 2342 eris
612 2283 649 2342 se
667 2275 817 2342 Catilina
835 2277 999 2343 credebat
1018 2297 1119 2361 posse
1137 2298 1206 2342 ser-

160 2383 245 2450 vitia
262 2384 394 2450 urbana
412 2384 607 2464 sollicitare,
626 2386 747 2451 urbem
764 2385 959 2468 incendere,
978 2385 1070 2452 viros
1088 2392 1206 2453 cirum

160 2493 215 2558 vel
234 2493 424 2578 adiungere
444 2494 507 2558 sibi
526 2495 582 2560 vel
601 2493 805 2560 interficere.
1226 2519 1255 2568 15

233 2601 353 2668 XXV.
385 2601 453 2668 Sed
481 2603 516 2668 in
546 2609 595 2669 eis
624 2613 698 2669 erat
728 2602 945 2688 Sempronia,
975 2625 1066 2688 quae
1094 2604 1205 2670 multa

160 2733 262 2795 saepe
299 2711 404 2777 virilis
441 2711 603 2779 audaciae
639 2713 789 2778 facinora
827 2720 1045 2780 conmiserat.
1108 2714 1206 2780 Haec

160 2819 281 2885 mulier
299 2841 422 2905 genere
440 2830 541 2904 atque
561 2820 684 2899 formai,
705 2827 877 2906 praeterea}
896 2822 972 2887 viro
993 2823 1104 2887 liberis
1125 2821 1205 2888 satis

161 2929 339 2996 fortunata
359 2930 439 3008 fuit;
459 2931 582 2996 litteris
603 2929 746 2997 Graecis
766 2942 801 2998 et
824 2931 959 2997 Latinis
980 2932 1095 3012 docta,
1117 2932 1206 3016 psal-

161 3039 239 3117 lere,
274 3039 398 3105 saltare
431 3039 627 3124 elegantius
662 3062 768 3125 quam
802 3061 941 3108 necesse
976 3052 1028 3107 est
1064 3042 1238 3125 probae,5

162 3149 273 3213 multa
297 3148 363 3214 alia
388 3171 477 3233 quae
499 3155 734 3216 instrumenta
758 3149 916 3216 luxuriae
941 3159 1032 3215 sunt.
1082 3149 1150 3216 Sed
1175 3157 1206 3216 ei

163 3257 297 3323 cariora
326 3279 462 3342 semper
488 3259 606 3324 omnia
634 3281 740 3344 quam
769 3260 875 3325 decus
904 3270 1009 3344 atque
1037 3257 1205 3344 pudicitia

159 3365 241 3444 fuit;
265 3365 433 3450 pecuniae
456 3388 499 3432 an
523 3367 634 3434 famae
657 3367 771 3433 minus
797 3379 964 3453 parceret,
991 3367 1082 3433 haud
1107 3367 1205 3434 facile

162 3475 386 3554 discemeres3
418 3477 567 3542 lubidine
598 3484 645 3542 sic
676 3484 816 3543 accensa
848 3489 885 3543 ut
918 3477 1050 3561 saepius
1081 3486 1206 3561 peteret

159 3585 252 3650 viros
276 3607 380 3669 quam
405 3593 589 3669 peteretur.
642 3586 710 3654 Sed
736 3609 775 3653 ea
801 3609 903 3671 saepe
929 3587 1075 3652 antehac
1101 3586 1204 3652 fidem
1226 3611 1258 3647 10

160 3695 371 3779 prodiderat,
392 3695 564 3761 creditum
584 3696 816 3776 abiuraverat,
839 3697 953 3763 caedis
975 3695 1112 3762 conscia
1134 3695 1204 3760 lue-

163 3814 215 3868 rat
224 3826 231 3882 ;
255 3803 392 3869 luxuria
416 3815 522 3888 atque
547 3805 664 3889 inopia
689 3827 853 3890 praeceps
878 3806 1021 3871 abierat.
1071 3805 1205 3870 Verum

162 3911 342 3998 ingenium
366 3913 439 3978 eius
463 3913 557 3980 haud
581 3913 787 3992 absurdum3
811 3935 913 3998 posse
937 3919 1057 3980 versus
1082 3914 1204 3992 iacere,

341 4017 358 4068 4
