3092 4518
291 348 335 412 42
488 348 571 401 THE
597 348 845 402 CONSPIRACY
871 348 921 402 OF
947 349 1138 402 CATILINE

294 525 442 591 meieres
466 532 602 592 nostres
625 526 668 591 A.
695 526 847 593 Menlius
872 526 1067 610 Torquatus
1091 527 1179 592 belle
1205 526 1335 594 Gallice

292 635 401 700 filium
418 656 530 715 suum,
547 635 643 719 quod
660 636 687 702 is
704 643 826 702 contre
841 636 1025 720 imperium
1042 635 1076 700 in
1094 636 1233 702 hostem
1250 642 1339 721 prig-

293 750 442 822 naverat,
459 750 570 810 neceri
587 744 694 823 iussit,
711 756 811 828 atque
826 745 881 811 ille
897 744 1056 830 egregius
1073 744 1271 810 adulescens
1287 745 1336 810 in-

228 882 276 940 109
293 853 486 920 moderatae
503 852 715 919 fortitudinis
731 863 840 920 morte
856 860 981 938 poenes
998 853 1090 919 dedit
1100 875 1107 931 ;
1124 860 1187 918 ves
1204 853 1246 919 de
1263 859 1337 919 cru-

293 961 484 1028 delissumis
500 962 675 1047 parricidIs
692 963 773 1047 quid
790 963 946 1028 statuatis
963 961 1191 1028 cunctamini?
1232 962 1337 1028 Vide-

295 1071 370 1136 licet
398 1077 509 1137 cetera
536 1078 606 1137 vita
633 1078 753 1138 cerum
780 1071 858 1138 huic
886 1073 1001 1137 sceleri
1030 1073 1150 1137 obstat.
1204 1071 1336 1137 Verum

294 1181 420 1264 parcite
445 1181 603 1265 dignitati
629 1181 774 1258 Lentuli,
802 1187 829 1246 si
856 1181 926 1265 ipse
952 1180 1142 1265 pudicitiae,
1169 1187 1197 1245 si
1226 1179 1338 1245 fernae

292 1311 382 1367 suae,
412 1297 440 1356 si
469 1291 520 1355 dis
549 1300 607 1356 aut
636 1291 836 1356 hominibus
865 1311 1032 1375 umquam
1062 1289 1139 1356 ullis
1169 1288 1339 1374 pepercit;

228 1422 273 1472 105
294 1399 461 1484 ignescite
492 1399 635 1484 Cethegi
668 1399 925 1478 adulescentiae,
958 1399 1022 1464 nisi
1056 1399 1178 1464 iterum
1210 1398 1339 1482 patriae

291 1508 420 1574 bellum
449 1507 541 1575 fecit.
595 1509 686 1574 Nam
716 1508 799 1593 quid
829 1531 898 1594 ego
928 1509 970 1574 de
1001 1507 1160 1587 Gabinii),
1191 1508 1339 1587 Statilie,

292 1617 459 1701 Caeparie
476 1618 616 1701 loquar?
656 1617 794 1702 Quibus
811 1625 838 1684 si
855 1601 1041 1703 quicquam
1058 1638 1225 1702 umquam
1242 1625 1340 1703 pensi

295 1725 424 1805 fuisset,
442 1733 512 1791 nen
528 1749 566 1792 ea
583 1727 724 1793 censilia
742 1728 784 1793 de
801 1734 838 1793 re
856 1727 989 1812 pirblica
1006 1726 1211 1793 habuissent.
1256 1728 1339 1793 Pos-

294 1842 416 1914 treme,
444 1843 557 1922 patres
585 1843 776 1922 censeripti,
806 1844 834 1902 si
861 1835 1051 1902 mehercule
1078 1843 1216 1922 peccete
1245 1837 1338 1904 locus

228 1971 276 2008 110
293 1956 389 2023 esset,
409 1944 508 2012 facile
524 1956 656 2031 paterer
673 1953 736 2012 ves
753 1946 825 2031 ipsa
843 1952 880 2011 re
898 1946 1040 2030 conrigi,
1059 1947 1219 2030 quoniam
1237 1946 1339 2012 verba

293 2055 528 2134 contemnitis;
553 2056 613 2122 sed
638 2055 791 2140 undique
816 2056 1043 2144 circumventi
1068 2077 1197 2122 sumus.
1248 2055 1339 2123 Cati-

293 2165 468 2230 liriacum
495 2163 649 2231 exercitii
676 2165 832 2231 faucibus
859 2175 973 2250 urget,
1001 2165 1056 2231 alii
1083 2165 1175 2232 intra
1202 2165 1339 2232 moenia

292 2285 398 2359 atque
421 2275 456 2340 in
479 2275 555 2340 simi
579 2274 673 2340 urbis
696 2285 776 2340 sunt
800 2275 929 2354 hostes
954 2297 1066 2360 neque
1091 2282 1202 2359 parari
1226 2296 1339 2360 neque

292 2384 423 2450 censuli
443 2383 622 2467 quicquam
641 2394 751 2469 potest
771 2385 918 2462 occulte;
933 2390 1007 2469 que
1027 2384 1138 2470 magis
1157 2404 1338 2468 properan-

228 2521 273 2572 115
293 2495 376 2560 dum
397 2505 465 2561 est:

363 2602 513 2689 “Quare
534 2625 599 2689 ego
620 2603 667 2670 ita
687 2610 828 2670 censee:
849 2625 926 2670 cum
947 2602 1082 2669 nefarie
1103 2602 1247 2668 censilie
1270 2623 1338 2668 sce

291 2715 479 2781 leraterum
511 2715 638 2781 civium
670 2721 724 2780 res
756 2714 893 2799 publica
924 2714 958 2779 in
991 2720 1157 2779 maxuma
1188 2713 1340 2797 pericula

292 2826 434 2903 venerit,
455 2831 555 2909 eique
575 2824 703 2890 indicis
723 2824 763 2890 T.
786 2823 948 2890 Volturci
969 2835 1003 2890 et
1023 2823 1223 2909 legeterum
1244 2821 1339 2886 Allo-

293 2936 444 3020 brogum
471 2934 623 3001 convicti
650 2935 867 3019 cenfessique
895 2934 972 3011 sint,
1001 2932 1154 3010 caedem,
1183 2931 1339 2997 incendia

228 3074 276 3111 120
293 3043 426 3128 aliaque
451 3050 487 3110 se
510 3043 612 3110 foeda
635 3054 739 3128 atque
764 3043 915 3109 crudelia
939 3041 1089 3108 facinora
1114 3041 1148 3106 in
1174 3047 1257 3106 civis
1283 3060 1339 3124 pa-

294 3153 460 3237 triamque
481 3153 662 3238 paravisse,
686 3153 728 3218 de
750 3151 926 3230 cenfessIs,
950 3157 1048 3218 sicuti
1071 3151 1114 3216 de
1136 3148 1339 3216 manufestis

294 3269 408 3327 rerum
432 3261 636 3346 capitelium,
660 3267 756 3326 mere
778 3261 949 3326 meierum
974 3259 1175 3345 supplicium
1200 3265 1338 3324 sumun-

294 3369 408 3436 dum.”

365 3481 465 3545 LIII.
491 3480 685 3564 Postquam
708 3479 801 3546 Cate
824 3479 970 3557 adsedit,
995 3477 1195 3544 censulares
1218 3482 1339 3543 omnes

294 3589 448 3675 itemque
465 3595 605 3654 senatus
622 3595 750 3673 megna
767 3610 846 3673 pars
864 3585 1074 3653 sententiam
1092 3585 1165 3651 eius
1183 3575 1337 3663 laudant,

294 3699 460 3765 virtutem
480 3697 585 3763 animi
605 3698 649 3763 ad
669 3698 804 3763 caelum
824 3698 956 3775 ferunt;
976 3695 1033 3761 alii
1052 3694 1139 3761 alies
1154 3695 1339 3779 increpan-

295 3814 346 3872 tes
369 3806 510 3872 timides
534 3816 667 3883 vocant,
693 3805 782 3872 Cate
806 3806 916 3870 clarus
941 3814 1041 3889 atque
1065 3810 1211 3888 maignus
1236 3803 1338 3869 habe·

261 3946 274 3995 5
296 3928 366 3996 tur;
386 3923 496 3985 senati
516 3918 694 3984 decretum
715 3915 766 3994 fit,
788 3921 892 3980 sicuti
912 3913 967 3982 ille
988 3920 1180 3981 censuerat.
