3050 4522
283 300 323 364 32
476 297 559 350 THE
585 295 834 350 CONSPIRACY
859 295 909 348 OF
935 295 1126 348 CATILINE

249 499 262 549 5
283 478 451 564 gaudium
473 488 580 562 atque
602 476 769 543 laetitiam
791 476 962 561 agitabat3
985 497 1134 560 namque
1157 475 1223 541 alia
1246 475 1325 541 belli

285 587 437 653 facinora
465 587 614 671 praedae
643 585 755 671 magis
784 606 890 669 quam
919 585 1131 650 detrimente
1160 584 1244 662 lore,
1275 584 1324 648 in-

284 695 438 760 cendium
464 701 547 760 vere
574 694 710 759 credele
736 694 984 758 inmoderatum
1011 715 1049 758 ac
1076 693 1137 757 sibi
1164 698 1325 757 maxume

282 804 516 870 calamitesum
537 804 686 888 putabat,
708 809 830 887 quippe
850 802 903 867 cui
925 808 1043 866 omnes
1065 801 1182 885 cepiae
1203 801 1237 866 in
1259 806 1323 865 esti

282 913 459 980 cotidiane
477 924 510 979 et
530 914 627 979 culte
646 911 802 996 corporis
821 923 929 978 erant.

233 1048 264 1084 10
351 1023 437 1088 Post
455 1044 534 1087 eum
551 1023 643 1088 diem
661 1023 804 1106 quidam
821 1021 860 1087 L.
878 1020 1087 1105 Tarquinius
1104 1021 1148 1086 ad
1165 1027 1323 1086 senatum

282 1133 454 1198 adductus
475 1142 560 1210 erat,
583 1153 686 1215 quem
707 1132 751 1197 ad
774 1130 960 1197 Catilinam
981 1131 1258 1215 proficiscentem
1280 1151 1324 1196 ex

282 1242 404 1308 itinere
424 1248 614 1307 retractum
635 1241 785 1306 aiebant.
833 1241 867 1306 Is
888 1263 967 1307 cum
989 1247 1025 1305 se
1046 1241 1175 1305 diceret
1196 1239 1324 1304 indica-

281 1356 395 1416 terum
414 1351 456 1416 de
475 1349 720 1428 conifiratiene,
741 1357 769 1414 si
788 1349 872 1415 fides
890 1349 1023 1433 publica
1042 1348 1121 1414 data
1141 1359 1236 1426 esset,
1257 1347 1324 1413 ius-

284 1482 341 1526 sus
364 1467 385 1525 a
409 1461 551 1526 censule
576 1482 665 1544 quae
691 1466 795 1526 sciret
821 1461 965 1540 edicere,
993 1460 1114 1525 eadem
1139 1458 1209 1524 fere
1235 1478 1324 1542 quae

233 1596 261 1645 15
283 1569 496 1648 Volturcius,
521 1570 564 1635 de
586 1576 718 1654 paratis
741 1570 918 1663 incendiis
944 1570 986 1635 de
1010 1569 1116 1634 caede
1140 1568 1324 1645 bonerum,

282 1680 324 1744 de
343 1678 466 1745 itinere
486 1679 649 1758 hostium,
671 1686 833 1745 senatum
854 1681 956 1745 docet
964 1701 971 1758 ;
992 1683 1169 1763 praeterea
1189 1684 1226 1743 se
1246 1675 1324 1742 mis-

283 1794 405 1853 suma
432 1789 481 1853 M.
510 1787 648 1868 Crasse,
675 1796 735 1874 qui
762 1789 933 1856 Catilinae
960 1789 1146 1869 nuntiaret,
1174 1794 1218 1852 ne
1245 1808 1324 1852 eum

283 1897 453 1963 Lentulus
474 1909 509 1964 et
532 1897 710 1984 Cethegus
730 1899 857 1983 aliique
879 1923 924 1965 ex
945 1896 1184 1965 conieratiene
1206 1897 1324 1982 depre-

284 2007 380 2072 hensi
407 2014 585 2087 terrerent,
615 2015 727 2093 eeque
755 2009 869 2094 magis
897 2015 1102 2094 properaret
1131 2008 1176 2073 ad
1203 2008 1322 2073 urbem

231 2143 263 2180 20
283 2118 456 2196 accedere,
484 2124 554 2202 que
581 2128 615 2184 et
643 2125 842 2184 cetererum
868 2119 1003 2184 animes
1030 2117 1187 2184 reficeret
1215 2130 1250 2184 et
1277 2117 1325 2182 illi

281 2225 413 2291 facilius
431 2233 450 2292 e
469 2229 623 2312 pericule
642 2228 863 2312 eriperentur.

350 2334 419 2403 Sed
437 2337 495 2402 ubi
512 2336 722 2421 Tarquinius
740 2337 907 2404 Crassum
925 2337 1128 2418 neminavit,
1148 2337 1324 2404 hominem

281 2444 429 2510 nebilem
455 2452 625 2511 maxumis
653 2446 790 2525 divitiis,
820 2455 952 2513 summa
979 2449 1139 2532 potentia,
1168 2449 1225 2513 alii
1254 2470 1323 2515 rem

282 2555 516 2621 incredibilem
540 2563 617 2636 rati,
642 2579 723 2642 pars
746 2564 887 2624 tametsi
909 2565 1031 2624 verum
1056 2560 1323 2636 existumabant,

231 2692 261 2742 25
283 2675 402 2731 tamen
424 2665 505 2750 quia
526 2666 560 2730 in
583 2667 644 2732 tali
667 2678 824 2752 tempore
846 2678 945 2734 tanta
967 2674 1019 2733 vis
1041 2668 1190 2734 hominis
1213 2667 1324 2753 magis

283 2773 441 2840 leniunda
463 2797 564 2858 quam
586 2776 792 2861 exagitanda
814 2777 1002 2856 videbatur,
1026 2779 1176 2862 plerique
1200 2777 1324 2843 Crasse

282 2905 326 2949 ex
345 2885 498 2970 negetiis
517 2892 660 2969 privatis
681 2886 835 2966 obnoxii,
857 2887 1075 2954 conclamant
1096 2887 1244 2954 indicem
1265 2888 1325 2953 lal-

282 3014 359 3058 sum
376 3016 458 3073 esse,
477 2995 590 3080 deque
607 3003 647 3063 ea
663 3002 700 3062 re
716 2997 896 3081 postulant
915 3004 966 3063 uti
982 2997 1158 3063 referatur.
1202 2998 1325 3081 Itaque

284 3103 485 3170 censulente
512 3104 679 3172 Cicerene
705 3107 866 3190 frequens
893 3114 1033 3173 senatus
1061 3106 1213 3173 decernit
1239 3107 1324 3171 Tar-

231 3242 263 3292 30
283 3212 378 3296 quini
397 3211 562 3279 indicium
583 3215 707 3280 falsum
726 3216 835 3281 videri
855 3238 1003 3300 eumque
1024 3217 1058 3280 in
1079 3217 1224 3281 vinculis
1245 3217 1320 3282 reti-

284 3323 445 3400 nendum,
473 3345 584 3407 neque
611 3325 758 3410 amplius
783 3331 997 3409 potestatem
1023 3326 1232 3403 faciundam,
1260 3323 1324 3390 nisi

283 3431 325 3496 de
343 3437 384 3496 ee
402 3430 571 3499 indicaret
591 3434 688 3499 ceius
706 3435 851 3500 censilie
870 3445 1008 3500 tantam
1027 3457 1099 3500 rem
1119 3447 1210 3501 esset
1231 3456 1325 3500 men-

283 3547 378 3606 titus
426 3541 537 3607 Erant
561 3548 603 3607 ee
625 3554 781 3626 tempore
803 3549 862 3627 qui
885 3550 1136 3610 existumarent
1160 3544 1325 3610 indicium

283 3649 366 3715 illud
388 3655 408 3715 a
429 3649 466 3715 P.
489 3649 668 3716 Autrenie
690 3651 937 3731 machinatum,
961 3659 1031 3736 que
1054 3651 1186 3718 facilius
1208 3653 1325 3738 adpel-

232 3781 262 3832 ³5
282 3757 352 3822 late
376 3756 501 3824 Crasse
524 3780 582 3843 per
605 3759 798 3824 societatem
821 3761 959 3845 periculi
982 3760 1129 3845 reliques
1153 3761 1241 3827 illius
1265 3783 1324 3846 po-

280 3867 386 3932 tentia
405 3877 542 3953 tegeret.
587 3867 657 3932 Alii
677 3867 901 3952 Tarquinium
922 3875 942 3934 a
963 3868 1127 3936 Cicerene
1147 3869 1324 3936 inmissum
