3050 4522
286 345 327 426 36
479 362 562 415 THE
588 363 836 417 CONSPIRACY
862 365 911 418 OF
937 363 1127 418 CATILINE

285 547 382 626 pares
410 551 503 620 sunt;
532 548 591 626 qui
619 549 750 628 magns)
778 544 924 627 imperii)
953 544 1096 627 praediti
1124 545 1159 610 in
1189 548 1327 614 excelsi)

285 656 429 716 aetatem
455 661 572 736 agunt,
599 657 718 717 ebrum
746 651 836 717 facta
861 658 972 717 cuncti
1000 654 1161 719 mortales
1188 661 1323 721 ndvere.

285 759 339 824 Ita
366 759 400 823 in
427 765 589 825 maxuma
617 759 757 826 fortunis
783 761 935 826 minuma
963 762 1097 827 licentia
1125 773 1191 841 est;
1220 786 1326 848 neque

233 889 266 941 50
283 869 422 935 studere
443 891 555 954 neque
576 870 701 949 ddisse,
724 871 785 938 sed
807 871 961 937 minume
982 879 1082 938 irasci
1105 873 1219 940 decet:
1242 895 1328 958 quae

285 979 375 1063 apud
407 979 493 1043 alies
525 979 699 1044 iracundia
733 979 865 1057 dicitur,
899 1001 937 1046 ea
971 981 1006 1045 in
1038 981 1181 1066 imperii)
1215 1004 1327 1067 super-

285 1088 340 1154 bia
372 1098 473 1172 atque
505 1089 688 1154 crudelitas
723 1089 920 1173 adpellitur.
981 1091 1149 1174 Equidem
1182 1113 1247 1177 ego
1282 1099 1328 1157 sic

285 1203 466 1276 existfimi),
499 1205 612 1282 patres
645 1205 836 1282 cdnscripti,
871 1206 981 1264 omnis
1016 1201 1185 1267 cruciatus
1218 1202 1327 1266 mind-

285 1313 339 1372 res
369 1328 470 1391 quam
501 1307 654 1373 facinora
683 1308 820 1373 illorum
850 1330 939 1387 esse;
971 1310 1029 1375 sed
1059 1311 1210 1395 plerique
1239 1333 1329 1376 mor-

233 1445 264 1499 55
284 1417 369 1483 tiles
406 1424 577 1501 postrema
613 1417 807 1497 meminere,
845 1429 878 1484 et
913 1419 948 1484 in
985 1420 1179 1486 hominibus
1216 1420 1327 1505 impiis

286 1527 418 1592 sceleris
444 1533 562 1594 edrum
587 1527 682 1593 obliti
709 1528 752 1594 de
778 1535 886 1613 poenit
913 1529 1082 1596 disserunt
1108 1536 1135 1594 si
1160 1551 1199 1596 ea
1225 1530 1327 1615 pauli>

286 1637 435 1702 severior
458 1636 533 1702 fuit.

355 1744 374 1773 ‘⁴
388 1746 430 1811 D.
457 1745 621 1824 Silanum,
645 1746 756 1812 virum
780 1746 904 1812 fortem
928 1757 1028 1832 atque
1050 1755 1235 1828 strenuum,
1260 1727 1352 1815 cer-¹

284 1861 320 1920 tu
340 1855 421 1933 seii),
440 1877 526 1939 quae
544 1855 677 1934 dixerit,
698 1856 812 1924 studii)
831 1864 879 1922 rei
897 1857 1050 1941 publicae
1068 1859 1203 1937 dixisse,
1222 1880 1330 1942 neque

233 1985 265 2035 ω
282 1963 377 2029 illum
396 1965 430 2030 in
448 1971 544 2031 tanti
562 1971 598 2031 re
616 1965 763 2049 gretiam
781 1976 840 2032 aut
857 1965 1053 2033 inimicitiis
1073 1975 1250 2046 exercere;
1270 1974 1330 2035 eds

284 2080 398 2139 mdres
421 2096 561 2158 eamque
583 2075 784 2140 modestiam
808 2075 872 2140 viri
895 2083 1052 2160 cogrrdvi.
1100 2077 1232 2143 Verum
1256 2099 1328 2142 sen-

282 2183 390 2249 tentia
409 2184 482 2249 eius
503 2183 587 2249 mihi
608 2190 679 2249 min
701 2184 978 2269 crudelis-quid
1001 2187 1093 2252 enim
1114 2186 1148 2251 in
1169 2187 1246 2252 tzilis
1267 2186 1329 2253 ho-

285 2291 394 2356 mines
420 2293 557 2358 erfidele
581 2291 653 2357 fieri
680 2304 790 2376 potest
800 2293 919 2360 ?-sed
947 2294 1057 2359 aliena
1084 2301 1104 2360 ἑ
1132 2302 1168 2360 re
1196 2295 1328 2379 publici

284 2408 402 2467 nostri
422 2402 567 2468 videtur.
615 2403 706 2468 Nam
729 2403 886 2488 proiecti)
909 2414 968 2470 aut
991 2415 1106 2471 metus
1128 2415 1188 2470 aut
1209 2403 1330 2470 iniuria

233 2527 264 2589 65
283 2518 317 2577 te
337 2512 487 2597 subegit,
510 2511 635 2592 Silene,
657 2512 837 2579 cdnsulem
859 2514 1091 2598 designatum,
1113 2535 1226 2598 genus
1247 2535 1330 2597 poe·

285 2642 347 2687 nae
368 2643 495 2686 novum
518 2622 705 2688 decernere.
752 2623 806 2688 De
828 2623 952 2688 timrire
974 2629 1257 2706 supervacaneum
1280 2631 1329 2687 est

285 2730 457 2810 disserere,
480 2753 556 2796 cum
577 2731 774 2815 praesertim
797 2731 972 2816 diligentiis
993 2731 1152 2809 censulis,
1175 2731 1329 2796 clarissu-

285 2846 331 2904 mi
352 2840 425 2918 viri,
447 2849 542 2906 tanta
562 2839 730 2925 praesidia
751 2840 817 2906 sint
838 2840 872 2905 in
893 2846 1005 2905 armis.
1050 2842 1104 2906 De
1125 2846 1233 2925 poenit
1253 2861 1329 2924 pos·

285 2970 361 3015 sum
384 2950 544 3034 equidem
567 2949 692 3028 dicere,
715 2949 750 3015 id
773 2950 867 3033 quod
890 2956 943 3015 res
966 2949 1080 3028 habet,
1104 2950 1138 3014 in
1162 2949 1259 3014 luctu
1282 2958 1330 3015 at-

235 3087 266 3138 70
284 3080 350 3143 que
371 3057 516 3124 miseriis
537 3070 686 3125 mortem
708 3065 953 3126 aerumnarum
974 3059 1140 3142 requiem,
1162 3065 1233 3123 nim
1256 3079 1330 3123 cru-

285 3167 410 3232 ciaeitum
435 3189 522 3245 esse;
548 3190 621 3233 eam
647 3173 768 3233 cuncta
794 3167 988 3233 mortalium
1014 3168 1103 3232 mala
1129 3167 1311 3233 dissolvere
1320 3188 1327 3244 ;

283 3278 371 3342 ultrei
387 3299 500 3361 neque
517 3283 618 3343 curae
635 3299 747 3362 neque
764 3277 895 3362 gaudii>
912 3278 1028 3342 locum
1046 3297 1127 3342 esse.
1171 3275 1251 3353 Sed,
1270 3296 1331 3359 per

284 3386 368 3452 decis
388 3386 590 3458 inmortaiiis.
612 3408 715 3470 quam
737 3388 782 3452 ob
803 3408 877 3453 rem
898 3386 932 3451 in
953 3385 1160 3452 sententiam
1181 3391 1252 3450 min
1273 3384 1330 3450 ad-

288 3495 403 3560 didisti
427 3501 476 3560 uti
500 3495 593 3578 prius
616 3495 809 3562 verberibus
834 3495 868 3559 in
894 3502 953 3561 eris
978 3491 1329 3560 animadvorteretur?

235 3627 265 3678 75
285 3604 342 3668 An
364 3603 444 3688 quia
465 3605 522 3669 lex
545 3604 667 3670 Porcia
688 3605 804 3670 vetat?
849 3605 898 3670 At
920 3605 1004 3672 aliae
1027 3606 1122 3689 leges
1144 3603 1227 3668 item
1250 3623 1330 3669 con-

283 3713 454 3778 demnetis
473 3713 605 3779 civibus
623 3719 694 3778 nim
712 3714 862 3780 animam
881 3714 976 3798 eripi,
997 3714 1056 3780 sed
1076 3712 1235 3780 exsilium
1255 3733 1330 3796 per-

286 3821 377 3886 mitti
405 3821 534 3888 iubent.
586 3822 643 3887 An
671 3822 750 3905 quia
778 3823 916 3906 gravius
945 3833 997 3889 est
1025 3824 1198 3889 verberari
1226 3841 1329 3906 quam

284 3930 419 3998 necari?
463 3929 559 4016 Quid
578 3941 694 3997 autem
714 3931 878 3997 acerbum
898 3941 956 3996 aut
977 3931 1078 3997 nimis
1098 3953 1203 4017 grave
1224 3940 1275 3998 est
1295 3927 1330 3994 in
