3050 4522
301 355 324 418 4
498 353 580 405 THE
608 353 856 408 CONSPIRACY
882 353 932 406 OF
958 352 1149 406 CATILINE

305 533 473 599 discordia
496 532 604 599 civilis
627 539 725 619 grata
750 532 856 612 fuere,
882 531 994 616 ibique
1017 532 1227 599 iuventutern
1252 551 1347 596 suam

270 643 474 718 sexercuit.
530 642 667 727 Corpus
696 642 833 727 patiens
862 642 1007 723 inediae,
1038 641 1178 726 algetis,
1209 641 1348 725 vigiliae

307 759 410 838 supra
434 774 540 837 quam
564 752 727 836 cuiquam
752 751 913 818 credibile
938 761 999 818 est.
1047 750 1197 816 Animus
1222 749 1349 826 audax,

306 862 482 941 subdolus
501 861 624 940 varius,
644 861 741 927 cuius
759 867 808 927 rei
826 861 922 926 lubet
938 860 1121 926 simulator
1138 881 1176 926 ac
1193 859 1351 924 dissimu-

305 971 404 1052 lator,
425 971 528 1037 alieni
547 971 725 1054 adpetens,
746 977 799 1036 sui
819 969 994 1054 profusus
1016 969 1141 1034 ardens
1162 969 1197 1033 in
1218 967 1349 1051 cupidi-

303 1081 445 1159 tatibus;
478 1079 560 1145 satis
593 1079 813 1162 eloquentiae,
847 1078 1030 1162 sapientiae
1062 1098 1199 1160 parum;
1233 1083 1348 1142 vastus

254 1218 285 1255 ιο
305 1190 441 1257 animus
469 1190 701 1269 inmoderata,
731 1188 954 1268 incredibilia,
984 1186 1085 1254 nimis
1114 1186 1185 1254 alta
1214 1207 1349 1271 semper

306 1300 477 1386 cupiebat.

373 1410 480 1477 Hunc
498 1419 578 1495 post
597 1408 875 1476 dominationem
894 1407 933 1474 L.
955 1407 1071 1474 Sullae
1089 1405 1209 1472 lubido
1228 1411 1350 1471 maxu-

304 1541 360 1586 ma
378 1519 552 1586 invaserat
570 1526 619 1584 rei
636 1519 796 1604 publicae
816 1517 1019 1602 capiundae,
1039 1538 1153 1601 neque
1171 1516 1206 1581 id
1225 1513 1350 1600 quibus

305 1630 416 1696 modis
437 1630 698 1714 adsequeretur,
721 1629 807 1694 dum
827 1627 890 1692 sibi
913 1633 1062 1712 regnum
1084 1631 1230 1710 pararet,
1255 1624 1350 1708 quic-

253 1766 282 1817 15
304 1759 408 1824 quam
426 1745 523 1824 pensi
541 1738 703 1804 habebat.
747 1736 961 1822 Agitabatur
980 1735 1093 1821 magis
1112 1734 1295 1819 magisque
1315 1732 1349 1798 in

305 1847 377 1914 dies
398 1848 533 1914 animus
554 1848 653 1914 ferox
674 1846 792 1931 inopia
813 1853 861 1911 rei
883 1844 1057 1910 familiaris
1079 1855 1114 1911 et
1137 1840 1350 1910 canscientia

305 1957 484 2036 scelerum,
507 1979 596 2042 quae
617 1966 766 2041 utraque
790 1962 838 2022 eis
860 1955 993 2021 artibus
1014 1964 1162 2020 auxerat
1185 1959 1271 2038 quas
1294 1973 1349 2018 su-

302 2073 364 2150 pra
392 2073 593 2133 memoravi.
646 2064 843 2132 Incitabant
871 2069 1048 2149 praeterea
1076 2068 1239 2145 conrupti
1268 2061 1349 2126 civi-

305 2175 387 2242 tatis
408 2183 532 2254 meres,
555 2182 643 2260 quas
665 2196 828 2260 pessuma
850 2197 891 2240 ac
913 2174 1053 2240 divorsa
1075 2171 1167 2238 inter
1189 2178 1225 2238 se
1247 2172 1348 2250 mala,

252 2317 285 2354 20
305 2285 441 2351 luxuria
464 2296 569 2370 atque
592 2285 747 2364 avaritia,
772 2285 960 2351 vexabant.

373 2395 442 2460 Res
457 2394 532 2479 ipsa
546 2395 677 2462 hortari
691 2395 839 2474 videtur,
857 2393 1024 2478 quoniam
1040 2393 1083 2459 de
1098 2391 1253 2458 maribus
1269 2389 1351 2457 civi-

305 2504 387 2570 tatis
410 2514 548 2588 tempus
571 2505 766 2582 admonuit,
790 2509 893 2588 supra
915 2514 1073 2587 repetere
1095 2524 1136 2568 ac
1158 2507 1277 2586 paucis
1298 2506 1350 2564 in-

306 2614 430 2680 stituta
458 2613 632 2679 maiarum
660 2614 756 2678 domi
784 2613 1009 2696 militiaeque,
1040 2618 1110 2696 que
1140 2611 1248 2677 mode
1277 2632 1349 2676 rem

304 2724 478 2808 publicam
500 2723 683 2788 habuerint
705 2732 945 2807 quantamque
968 2720 1181 2806 reliquerint,
1204 2731 1243 2786 ut
1266 2741 1350 2804 pau-

252 2857 282 2906 25
302 2833 398 2899 latim
418 2833 591 2898 inmutata
610 2853 654 2897 ex
674 2832 919 2916 pulcherruma
939 2842 1042 2914 atque
1064 2835 1210 2914 optuma
1232 2848 1349 2914 pessu-

305 2965 361 3009 ma
382 2966 422 3010 ac
443 2943 729 3028 flagitiesissuma
751 2943 843 3009 facta
866 2942 920 3022 sit,
944 2943 1120 3008 disserere.

372 3053 435 3118 VI.
458 3052 593 3119 Urbem
615 3053 777 3132 Ramam,
800 3059 904 3119 sicuti
924 3075 992 3138 ego
1014 3058 1142 3135 accepi,
1165 3051 1349 3117 condidere

303 3172 410 3246 atque
428 3162 579 3229 habuere
596 3161 696 3228 initia
714 3162 866 3241 Traiani,
886 3169 946 3247 qui
963 3162 1085 3228 Aenea
1104 3162 1191 3227 duce
1210 3161 1350 3246 profugi

304 3273 442 3338 sedibus
464 3272 604 3339 incertis
625 3274 858 3358 vagabantur,
883 3295 1032 3357 cumque
1056 3279 1104 3338 eis
1125 3271 1348 3355 Aborigines

305 3403 416 3468 genus
441 3382 623 3448 hominum
648 3394 797 3468 agreste,
824 3383 897 3449 sine
922 3383 1069 3468 legibue,
1096 3382 1168 3448 sine
1194 3381 1348 3466 imperio,

269 3519 282 3570 5
303 3491 449 3557 liberum
467 3501 574 3577 atque
592 3493 756 3558 solutum.
800 3493 850 3558 Hi
867 3504 1056 3577 postquam
1072 3493 1106 3557 in
1125 3498 1194 3558 una
1212 3491 1350 3557 moenia

306 3608 511 3680 convenere,
538 3603 668 3687 dispari
694 3624 831 3686 genere,
859 3602 1014 3667 dissimili
1040 3603 1169 3686 lingua,
1198 3601 1255 3667 alii
1281 3600 1349 3683 alia

203 3787 206 3794 Ι
304 3717 402 3778 mere
422 3718 591 3791 viventes,
614 3711 812 3778 incredibile
834 3717 1030 3777 memoratri
1052 3721 1103 3776 est
1124 3732 1230 3795 quam
1251 3709 1350 3776 lacile

303 3820 509 3898 coaluerint;
526 3821 583 3886 ita
608 3821 705 3886 brevi
732 3819 921 3886 multitadb
948 3820 1102 3903 dispersa
1129 3829 1233 3902 atque
1261 3838 1350 3902 vaga

303 3931 490 3998 concordia
505 3929 624 3996 civitas
639 3930 727 3996 iacta
743 3941 823 3996 erat.
863 3929 933 3996 Sed
948 3939 1134 4014 postquam
1148 3935 1201 3994 res
1217 3934 1349 4007 eorum,
